
@article{diener_procedural_nodate,
	title = {Procedural modeling with signed distance functions},
	language = {en},
	author = {Diener, Carl Lorenz},
	pages = {65},
	file = {Diener - Procedural modeling with signed distance functions.pdf:/home/patrik/Zotero/storage/MK7CANVL/Diener - Procedural modeling with signed distance functions.pdf:application/pdf}
}
