
@misc{noauthor_marquardt_nodate,
	title = {Marquardt {Kippschalter} 250 {V}/{AC} 6 {A} {Serie} 1820 1821.1101 1 x {Aus}/{Ein} rastend/rastend im {Conrad} {Online} {Shop} {\textbar} 703072},
	url = {http://www.conrad.at/ce/de/product/703072/Marquardt-Kippschalter-250-VAC-6-A-Serie-1820-18211101-1-x-AusEin-rastendrastend},
	abstract = {Marquardt Kippschalter 250 V/AC 6 A Serie 1820 1821.1101 1 x Aus/Ein rastend/rastend - jetzt einfach online kaufen bei Conrad, Ihrem Online Shop für Technik \& Elektronik. {\textbar} 703072},
	urldate = {2013-07-10},
	keywords = {Conrad, Conrad Online Shop, Conrad Shop, Marquardt Kippschalter 250 V/AC 6 A Serie 1820 1821.1101 1 x Aus/Ein rastend/rastend, Marquardt Kippschalter 250 V/AC 6 A Serie 1820 1821.1101 1 x Aus/Ein rastend/rastend online kaufen, Online Shop},
	file = {Snapshot:/home/patrik/Zotero/storage/DE97S9SA/Marquardt-Kippschalter-250-VAC-6-A-Serie-1820-18211101-1-x-AusEin-rastendrastend.html:text/html}
}

@misc{noauthor_datasheet_nodate,
	title = {Datasheet for {REKN} {BK} {AU} - {ITT} / {Cannon}},
	url = {http://octopart.com/datasheet/rekn+bk+au-itt+%2F+cannon-1407210-142541},
	urldate = {2013-07-10},
	file = {Datasheet for REKN BK AU - ITT / Cannon:/home/patrik/Zotero/storage/D2674P8W/rekn+bk+au-itt++cannon-1407210-142541.html:text/html}
}

@misc{noauthor_messerleiste_nodate,
	title = {Messerleiste {SEK} {Pole}: 26 09 18 526 6324 {Harting} {Inhalt}: 1 {St}. im {Conrad} {Online} {Shop} {\textbar} 742565},
	url = {http://www.conrad.at/ce/de/product/742565/Messerleiste-SEK-Pole-26-09-18-526-6324-Harting-Inhalt-1-St},
	urldate = {2013-07-10},
	file = {Messerleiste SEK Pole\: 26 09 18 526 6324 Harting Inhalt\: 1 St. im Conrad Online Shop | 742565:/home/patrik/Zotero/storage/7RNJ7VQ7/Messerleiste-SEK-Pole-26-09-18-526-6324-Harting-Inhalt-1-St.html:text/html}
}

@misc{noauthor_marquardt_nodate-1,
	title = {Marquardt {Miniatur}-{Kippschalter} 30 {V}/{DC} 4 {A} {Serie} 9040 9040.0101 1 x {Ein}/{Ein} rastend/rastend im {Conrad} {Online} {Shop} {\textbar} 703167},
	url = {http://www.conrad.at/ce/de/product/703167/Marquardt-Miniatur-Kippschalter-30-VDC-4-A-Serie-9040-90400101-1-x-EinEin-rastendrastend},
	urldate = {2013-07-09},
	file = {Marquardt Miniatur-Kippschalter 30 V/DC 4 A Serie 9040 9040.0101 1 x Ein/Ein rastend/rastend im Conrad Online Shop | 703167:/home/patrik/Zotero/storage/ZB8ECUC4/Marquardt-Miniatur-Kippschalter-30-VDC-4-A-Serie-9040-90400101-1-x-EinEin-rastendrastend.html:text/html}
}

@misc{noauthor_rotary_nodate,
	title = {Rotary {Encoder} + {Extras} {ID}: 377 - \$4.50 : {Adafruit} {Industries}, {Unique} \& fun {DIY} electronics and kits},
	url = {http://www.adafruit.com/products/377},
	urldate = {2013-07-09},
	file = {Rotary Encoder + Extras ID\: 377 - \$4.50 \: Adafruit Industries, Unique & fun DIY electronics and kits:/home/patrik/Zotero/storage/T5ZEE585/377.html:text/html}
}

@misc{noauthor_bestellen_nodate,
	title = {Bestellen {Sie} {Klinken} {Steckverbinder} {Chassis}-{Klinkenbuchse} {Lumberg} {KLB} 1 online bei {RS} für {Lieferung} am nächsten {Tag}.},
	url = {http://at.rs-online.com/web/p/klinken-steckverbinder/5051384/},
	urldate = {2013-07-09},
	file = {0900766b80569929.pdf:/home/patrik/Zotero/storage/G96RFWUN/0900766b80569929.pdf:application/pdf;Bestellen Sie Klinken Steckverbinder Chassis-Klinkenbuchse Lumberg KLB 1 online bei RS für Lieferung am nächsten Tag.:/home/patrik/Zotero/storage/FMGSI8BF/5051384.html:text/html}
}

@misc{noauthor_bestellen_nodate-1,
	title = {Bestellen {Sie} {Potenziometer} {Potenziometer} linear {50K} vertikal 15mm {Alps} {RK09L1140A5P} online bei {RS} für {Lieferung} am nächsten {Tag}.},
	url = {http://at.rs-online.com/web/p/potenziometer/7293414/},
	urldate = {2013-07-09},
	file = {9mm Size Metal Shaft Snap-in Type - 0900766b80f4c570.pdf:/home/patrik/Zotero/storage/DFH5E3Q7/0900766b80f4c570.pdf:application/pdf;Bestellen Sie Potenziometer Potenziometer linear 50K vertikal 15mm Alps RK09L1140A5P online bei RS für Lieferung am nächsten Tag.:/home/patrik/Zotero/storage/PN6WCK9E/7293414.html:text/html}
}

@misc{noauthor_tt_nodate,
	title = {{TT} {Electronics} {AB} {Leitplastik}-{Potentiometer} 9 mm {P0915N}-{FC20} {B}-1 {KR} oben einstellbar lin 1 {kΩ} ± 20 \% im {Conrad} {Online} {Shop} {\textbar} 451885},
	url = {http://www.conrad.at/ce/de/product/451885/TT-Electronics-AB-Leitplastik-Potentiometer-9-mm-P0915N-FC20-B-1-KR-oben-einstellbar-lin-1-k-20-},
	urldate = {2013-07-09},
	file = {Nuance Communications, Inc. - 451885-da-01-en-LEITPLASTIKPOTI_9MM_P0915N_1KR_20Pr_LIN.pdf:/home/patrik/Zotero/storage/DFDZZ3RJ/451885-da-01-en-LEITPLASTIKPOTI_9MM_P0915N_1KR_20Pr_LIN.pdf:application/pdf;TT Electronics AB Leitplastik-Potentiometer 9 mm P0915N-FC20 B-1 KR oben einstellbar lin 1 kΩ ± 20 % im Conrad Online Shop | 451885:/home/patrik/Zotero/storage/PSVU224B/TT-Electronics-AB-Leitplastik-Potentiometer-9-mm-P0915N-FC20-B-1-KR-oben-einstellbar-lin-1-k-20.html:text/html}
}

@misc{noauthor_bestellen_nodate-2,
	title = {Bestellen {Sie} {Potenziometer} {Potenziometer} linear {50K} vertikal 15mm {Alps} {RK09L1140A5P} online bei {RS} für {Lieferung} am nächsten {Tag}.},
	url = {http://at.rs-online.com/web/p/potenziometer/7293414/},
	urldate = {2013-07-09},
	file = {Bestellen Sie Potenziometer Potenziometer linear 50K vertikal 15mm Alps RK09L1140A5P online bei RS für Lieferung am nächsten Tag.:/home/patrik/Zotero/storage/9FIUNCWE/7293414.html:text/html}
}

@misc{noauthor_installation_nodate,
	title = {Installation {EAGLE} 3d sketchup},
	url = {http://eagleup.wordpress.com/installation-and-setup/},
	abstract = {Videos Please check the path of your installation of Imagemagick and update it accordingly in eagleUp parameters. You can watch the videos in full screen for better comfort. Download and Installati...},
	urldate = {2013-07-09},
	journal = {Eagle meets SketchUp},
	file = {Snapshot:/home/patrik/Zotero/storage/M7EC522J/installation-and-setup.html:text/html}
}

@misc{noauthor_eagle_nodate,
	title = {{EAGLE} {Library} - {New} and improved {EAGLE} part libraries - {CadSoft}},
	url = {http://www.cadsoftusa.com/downloads/libraries?language=en},
	urldate = {2013-07-09},
	file = {EAGLE Library - New and improved EAGLE part libraries - CadSoft:/home/patrik/Zotero/storage/J8BZ3XWN/libraries.html:text/html}
}

@misc{noauthor_search_nodate,
	title = {Search : {Adafruit} {Industries}, {Unique} \& fun {DIY} electronics and kits},
	url = {http://www.adafruit.com/index.php?main_page=adasearch&q=switch},
	urldate = {2013-07-09},
	file = {Search \: Adafruit Industries, Unique & fun DIY electronics and kits:/home/patrik/Zotero/storage/DAT5JWRW/index.html:text/html}
}

@misc{jeremy_blum_tutorial_2012,
	title = {Tutorial 1 for {Eagle}: {Schematic} {Design}},
	shorttitle = {Tutorial 1 for {Eagle}},
	url = {http://www.youtube.com/watch?v=1AXwjZoyNno&feature=youtube_gdata_player},
	abstract = {In this first tutorial on CadSoft Eagle, I'll show you how to get the program up and running, how to navigate the interface, how to design your first schematic, and how to use DesignConnect to build a Bill-of-Materials.

Learn more and download the supporting materials for this schematic on my website: http://www.jeremyblum.com/2012/06/09/tutorial-1-for-cadsoft-eagle-schematic-design

All Eagle Tutorial example materials will be available on my GitHub: https://github.com/sciguy14/Eagle-Tutorial-Series

This tutorial has been made possible with support from CadSoft and element14.  Learn more about Cadsoft Eagle here: http://www.element14.com/cadsoft

You can download CadSoft Eagle here: http://www.cadsoftusa.com/

You can download the Adafruit Eagle Library that I used in this tutorial here: https://github.com/adafruit/Adafruit-Eagle-Library

If you can't wait to learn more about using Eagle, Sparkfun has an excellent series of written tutorials that you can check out here: http://www.sparkfun.com/tutorials/108},
	urldate = {2013-07-09},
	collaborator = {{Jeremy Blum}},
	month = jun,
	year = {2012}
}

@misc{smackandy_creating_2008,
	title = {Creating your own parts for a library in {EAGLE}},
	url = {http://www.youtube.com/watch?v=RIfX3fxSpNY&feature=youtube_gdata_player},
	abstract = {Creating a package in EAGLE.  Visit http://www.ece101.com for more videos.},
	urldate = {2013-07-09},
	collaborator = {{smackandy}},
	month = aug,
	year = {2008}
}

@misc{foulds_bandlimited_2013,
	title = {Bandlimited {Oscillators} in {Reaktor}},
	url = {http://www.nireaktor.com/reaktor-tutorials/bandwidth-limited-sawtooth-oscillator-in-reaktor/},
	abstract = {This tutorial will focus on the creation of bandlimited oscillators in Reaktor, using the BLIT method (Bandwidth Limited Impulse Train).},
	urldate = {2013-06-09},
	journal = {NI Reaktor Tutorials},
	author = {Foulds, Steve},
	year = {2013},
	file = {Snapshot:/home/patrik/Zotero/storage/82H8D5Z5/bandwidth-limited-sawtooth-oscillator-in-reaktor.html:text/html}
}

@inproceedings{timoney_virtual_2012,
	title = {Virtual {Analog} {Oscillator} {Hard} {Synchronisation}: {Fourier} {Series} and an {Efficient} {Implementation}},
	shorttitle = {Virtual {Analog} {Oscillator} {Hard} {Synchronisation}},
	url = {http://eprints.nuim.ie/3962/},
	urldate = {2013-06-20},
	booktitle = {Proceedings of the 15th {Int}. {Conference} on {Digital} {Audio} {Effects} ({DAFx}-12), {York}, {UK}, {September} 17-21, 2012},
	author = {Timoney, Joseph and Lazzarini, Victor and Hodgkinson, Matthieu and Kleimola, Jari and Pekonen, Jussi and Välimäki, Vesa},
	year = {2012},
	file = {dafx12_submission_37.pdf:/home/patrik/Zotero/storage/9XAN889N/dafx12_submission_37.pdf:application/pdf}
}

@misc{noauthor_bandlimited_nodate,
	title = {Bandlimited {Oscillators} in {Reaktor}},
	url = {http://www.nireaktor.com/reaktor-tutorials/bandwidth-limited-sawtooth-oscillator-in-reaktor/},
	abstract = {This tutorial will focus on the creation of bandlimited oscillators in Reaktor, using the BLIT method (Bandwidth Limited Impulse Train).},
	urldate = {2013-06-17},
	journal = {NI Reaktor Tutorials},
	file = {Snapshot:/home/patrik/Zotero/storage/TB598IQF/bandwidth-limited-sawtooth-oscillator-in-reaktor.html:text/html}
}

@article{brandt_hard_2001,
	title = {Hard sync without aliasing},
	url = {http://toolbox-dzada.googlecode.com/svn-history/r255/trunk/docs/oscillator-minblep-icmc01-hardsync.pdf},
	urldate = {2013-06-09},
	journal = {School of Computer Science, Carnegie Mellon University},
	author = {Brandt, Eli},
	year = {2001},
	file = {icmc01-hardsync.pdf:/home/patrik/Zotero/storage/RUTVT9DT/icmc01-hardsync.pdf:application/pdf}
}

@misc{noauthor_advanced_nodate,
	title = {Advanced {Programming} {Techniques} for {Modular} {Synthesizers}},
	url = {http://www.cim.mcgill.ca/~clark/nordmodularbook/nm_book_toc.html},
	urldate = {2013-06-12},
	file = {Advanced Programming Techniques for Modular Synthesizers:/home/patrik/Zotero/storage/BD3RVI3F/nm_book_toc.html:text/html}
}

@article{brandt_hard_2001-1,
	title = {Hard sync without aliasing},
	volume = {60},
	url = {http://toolbox-dzada.googlecode.com/svn-history/r255/trunk/docs/oscillator-minblep-icmc01-hardsync.pdf},
	urldate = {2013-06-09},
	journal = {power (dB)},
	author = {Brandt, Eli},
	year = {2001},
	pages = {40},
	file = {icmc01-hardsync.pdf:/home/patrik/Zotero/storage/I4BKH2VH/icmc01-hardsync.pdf:application/pdf}
}

@article{frei_digital_2009,
	title = {Digital sound generation},
	url = {http://www.cs.washington.edu/education/courses/cse490s/11au/Readings/Digital_Sound_Generation_1.pdf},
	urldate = {2013-06-08},
	journal = {Institute for Computer Music and Sound Technology (ICST) Zurich University of the Arts},
	author = {Frei, Beat},
	year = {2009},
	file = {Digital_Sound_Generation_1.pdf:/home/patrik/Zotero/storage/975MHIVQ/Digital_Sound_Generation_1.pdf:application/pdf}
}

@inproceedings{nam_alias-free_2009,
	title = {Alias-free virtual analog oscillators using a feedback delay loop},
	url = {https://ccrma.stanford.edu/~juhan/pubs/jnam-dafx09.pdf},
	urldate = {2013-06-07},
	booktitle = {Proceedings of the 12th {International} {Conference} on {Digital} {Audio} {Effects} ({DAFx09}), {Como}, {Italy}, {September} 1–4},
	author = {Nam, Juhan and Välimäki, Vesa and Abel, J. and Smith, Julius O.},
	year = {2009},
	file = {paper_72.pdf:/home/patrik/Zotero/storage/N33R3GKS/paper_72.pdf:application/pdf}
}

@article{lu_theory_2008,
	title = {A {Theory} for {Sampling} {Signals} {From} a {Union} of {Subspaces}},
	volume = {56},
	issn = {1053-587X, 1941-0476},
	url = {http://ieeexplore.ieee.org/lpdocs/epic03/wrapper.htm?arnumber=4483755},
	doi = {10.1109/TSP.2007.914346},
	number = {6},
	urldate = {2013-06-07},
	journal = {IEEE Transactions on Signal Processing},
	author = {Lu, Y.M. and Do, M.N.},
	month = jun,
	year = {2008},
	pages = {2334--2345},
	file = {04483755.pdf:/home/patrik/Zotero/storage/BR96D4XQ/04483755.pdf:application/pdf}
}

@book{gardner_mathematical_1990,
	title = {Mathematical {Carnival}},
	isbn = {978-0-14-013507-7},
	language = {en},
	publisher = {Penguin Books},
	author = {Gardner, Martin},
	month = nov,
	year = {1990},
	keywords = {Juvenile Nonfiction / Mathematics / General, Mathematics / Recreations \& Games}
}

@book{flusser_kommunikologie_2009,
	title = {Kommunikologie weiter denken: {Die} {Bochumer} {Vorlesungen}},
	isbn = {978-3-596-18145-2},
	shorttitle = {Kommunikologie weiter denken},
	language = {de},
	publisher = {Fischer Taschenbuch Verlag},
	author = {Flusser, Vilém},
	month = jan,
	year = {2009}
}

@book{farnell_designing_2010,
	address = {Cambridge, Mass},
	title = {Designing sound},
	isbn = {978-0-262-01441-0},
	publisher = {MIT Press},
	author = {Farnell, Andy},
	year = {2010},
	keywords = {Animated films, Computer sound processing, Motion pictures, Recording and reproducing Digital techniques, Sound, Sound effects, Sounds, Video games}
}

@book{lai_practical_2004,
	address = {London ; Burlington, MA},
	title = {Practical digital signal processing for engineers and technicians},
	isbn = {0-7506-5798-7},
	publisher = {Newnes},
	author = {Lai, Edmund},
	year = {2004},
	keywords = {Digital techniques, Signal processing, Techniques numériques, Traitement du signal}
}

@book{knuth_art_1997,
	address = {Reading, Mass},
	edition = {3rd ed},
	title = {The art of computer programming},
	isbn = {0-201-89683-4},
	publisher = {Addison-Wesley},
	author = {Knuth, Donald Ervin},
	year = {1997},
	keywords = {Computer algorithms, Computer programming}
}

@book{hamming_digital_1998,
	address = {Mineola, N.Y},
	title = {Digital filters},
	isbn = {0-486-65088-X},
	publisher = {Dover Publications},
	author = {Hamming, R. W.},
	year = {1998},
	keywords = {Digital filters (Mathematics)}
}

@article{faure_monte-carlo_2001,
	title = {Monte-{Carlo} and quasi-{Monte}-{Carlo} methods for numerical integration},
	url = {http://iml.univ-mrs.fr/editions/preprint2001/files/PohangL%20typeset%20[1].pdf},
	urldate = {2013-04-07},
	journal = {Combinatorial \& computational mathematics (Pohang, 2000)},
	author = {Faure, Henri},
	year = {2001},
	pages = {1--12},
	file = {PohangL typeset [1].pdf:/home/patrik/Zotero/storage/XBFI6VKH/PohangL typeset [1].pdf:application/pdf}
}

@misc{yates_dc_nodate,
	title = {{DC} {Block} {Algorithm}},
	url = {http://www.digitalsignallabs.com/dcblock.pdf},
	urldate = {2013-04-06},
	author = {Yates, Randy and Lyons, Richard},
	file = {dcblock.pdf:/home/patrik/Zotero/storage/Q7HDH5QG/dcblock.pdf:application/pdf}
}

@book{pomberger_algorithmen_2008,
	title = {Algorithmen und {Datenstrukturen}},
	isbn = {978-3-8273-7268-0},
	language = {de},
	publisher = {Pearson Deutschland GmbH},
	author = {Pomberger, Gustav and Dobler, Heinz},
	year = {2008}
}

@misc{noauthor_pseudozufallszahlen_nodate,
	title = {Pseudozufallszahlen und {Monte}-{Carlo} {Metho} den},
	url = {http://www.math.hu-berlin.de/~bibinger/Praktikum%202012/skript1.pdf},
	urldate = {2013-04-06},
	journal = {Humboldt Universität},
	file = {skript1.pdf:/home/patrik/Zotero/storage/M9DBQSN8/skript1.pdf:application/pdf}
}

@misc{noauthor_musikalisches_nodate,
	title = {Musikalisches {Würfelspiel} – {Wikipedia}},
	url = {http://de.wikipedia.org/wiki/Musikalisches_W%C3%BCrfelspiel},
	urldate = {2013-04-06},
	file = {Musikalisches Würfelspiel – Wikipedia:/home/patrik/Zotero/storage/9K286SSQ/Musikalisches_Würfelspiel.html:text/html}
}

@book{michels_dtv-atlas_2008,
	address = {München},
	title = {Dtv-{Atlas} {Musik}: systematischer {Teil} ; {Musikgeschichte} von den {Anfängen} bis zur {Gegenwart}},
	isbn = {978-3-423-08599-1 3-423-08599-1 978-3-7618-2120-6 3-7618-2120-4},
	shorttitle = {Dtv-{Atlas} {Musik}},
	language = {German},
	publisher = {dtv},
	author = {Michels, Ulrich},
	year = {2008}
}

@book{bronner_quantenoptische_2010,
	title = {Quantenoptische {Experimente} als {Grundlage} eines {Curriculums} zur {Quantenphysik} des {Photons} - {Studien} zum {Physik}- und {Chemielernen}, {Band} 103},
	isbn = {978-3-8325-2540-8},
	language = {de},
	publisher = {Logos Verlag Berlin GmbH},
	author = {Bronner, Patrick},
	year = {2010}
}

@inproceedings{lehmer_mathematical_1951,
	title = {Mathematical methods in large-scale digital computing units},
	author = {Lehmer, Derrick},
	year = {1951}
}

@book{pomberger_algorithmen_2008-1,
	title = {Algorithmen und {Datenstrukturen}},
	isbn = {978-3-8273-7268-0},
	language = {de},
	publisher = {Pearson Deutschland GmbH},
	author = {Pomberger, Gustav and Dobler, Heinz},
	year = {2008}
}

@misc{noauthor_notes_nodate,
	title = {Notes about {FFT} normalization..},
	url = {http://matteolandi.blogspot.co.at/2010/08/notes-about-fft-normalization.html},
	urldate = {2013-04-06},
	file = {Notes about FFT normalization..:/home/patrik/Zotero/storage/BATG4GE4/notes-about-fft-normalization.html:text/html}
}

@misc{pain_physics_nodate,
	title = {The {Physics} of {Vibrations} and {Waves} - {HJ} {Pain}.pdf},
	author = {Pain},
	file = {The Physics of Vibrations and Waves - HJ Pain.pdf:/home/patrik/Zotero/storage/U2XN2JMN/The Physics of Vibrations and Waves - HJ Pain.pdf:application/pdf}
}

@misc{benson_math_nodate,
	title = {Math {Music}.pdf},
	author = {Benson, Dave},
	file = {Math Music.pdf:/home/patrik/Zotero/storage/DFXVSRAN/Math Music.pdf:application/pdf}
}

@misc{noauthor_2590.pdf_nodate,
	title = {2590.pdf},
	file = {2590.pdf:/home/patrik/Zotero/storage/W5XWF3HC/2590.pdf:application/pdf}
}

@book{gentle_random_2003,
	title = {Random {Number} {Generation} and {Monte} {Carlo} {Methods}},
	isbn = {978-0-387-00178-4},
	abstract = {Monte Carlo simulation has become one of the most important tools in all fields of science. Simulation methodology relies on a good source of numbers that appear to be random. These "pseudorandom" numbers must pass statistical tests just as random samples would. Methods for producing pseudorandom numbers and transforming those numbers to simulate samples from various distributions are among the most important topics in statistical computing. This book surveys techniques of random number generation and the use of random numbers in Monte Carlo simulation. The book covers basic principles, as well as newer methods such as parallel random number generation, nonlinear congruential generators, quasi Monte Carlo methods, and Markov chain Monte Carlo. The best methods for generating random variates from the standard distributions are presented, but also general techniques useful in more complicated models and in novel settings are described. The emphasis throughout the book is on practical methods that work well in current computing environments. The book includes exercises and can be used as a test or supplementary text for various courses in modern statistics. It could serve as the primary test for a specialized course in statistical computing, or as a supplementary text for a course in computational statistics and other areas of modern statistics that rely on simulation. The book, which covers recent developments in the field, could also serve as a useful reference for practitioners. Although some familiarity with probability and statistics is assumed, the book is accessible to a broad audience. The second edition is approximately 50\% longer than the first edition. It includes advances in methods for parallel random number generation, universal methods for generation of nonuniform variates, perfect sampling, and software for random number generation. The material on testing of random number generators has been expanded to include a discussion of newer software for testing, as well as more discussion about the tests themselves. The second edition has more discussion of applications of Monte Carlo methods in various fields, including physics and computational finance. James Gentle is University Professor of Computational Statistics at George Mason University. During a thirteen-year hiatus from academic work before joining George Mason, he was director of research and design at the world's largest independent producer of Fortran and C general-purpose scientific software libraries. These libraries implement several random number generators, and are widely used in Monte Carlo studies. He is a Fellow of the American Statistical Association and a member of the International Statistical Institute. He has held several national offices in the American Statistical Association and has served as an associate editor for journals of the ASA as well as for other journals in statistics and computing. Recent activities include serving as program director of statistics at the National Science Foundation and as research fellow at the Bureau of Labor Statistics.},
	language = {en},
	publisher = {Springer},
	author = {Gentle, James E.},
	month = jun,
	year = {2003},
	keywords = {Business \& Economics / Statistics, Computers / Mathematical \& Statistical Software, Mathematics / Number Systems, Mathematics / Numerical Analysis, Mathematics / Probability \& Statistics / General, Mathematics / Probability \& Statistics / Stochastic Processes}
}

@misc{noauthor_discrete_nodate,
	title = {Discrete {Fourier} {Transform} (numpy.fft) — {NumPy} v1.7 {Manual} ({DRAFT})},
	url = {http://docs.scipy.org/doc/numpy/reference/routines.fft.html},
	urldate = {2013-04-05},
	keywords = {analysis, BACC, FFT, Python},
	file = {Discrete Fourier Transform (numpy.fft) — NumPy v1.7 Manual (DRAFT):/home/patrik/Zotero/storage/N5D36DE9/routines.fft.html:text/html}
}

@misc{noauthor_waveshaper_nodate,
	title = {Waveshaper - {Wikipedia}, the free encyclopedia},
	url = {https://en.wikipedia.org/wiki/Waveshaper},
	urldate = {2016-01-30},
	file = {Waveshaper - Wikipedia, the free encyclopedia:/home/patrik/Zotero/storage/VI2X8PNC/Waveshaper.html:text/html}
}

@article{ma_intelligent_2015,
	title = {Intelligent {Multitrack} {Dynamic} {Range} {Compression}},
	issn = {15494950},
	url = {http://www.aes.org/e-lib/browse.cfm?elib=17821},
	doi = {10.17743/jaes.2015.0053},
	urldate = {2016-01-30},
	journal = {Journal of the Audio Engineering Society},
	author = {Ma, Zheng and De Man, Brecht and Pestana, Pedro and Black, Dawn and Reisss, Joshua},
	month = jun,
	year = {2015},
	pages = {412--426},
	file = {JAES-D-14-00063_HR - Ma 2015 - Intelligent Multitrack Compression.pdf:/home/patrik/Zotero/storage/6JUX3VII/Ma 2015 - Intelligent Multitrack Compression.pdf:application/pdf}
}

@inproceedings{ma_partial_2014,
	title = {Partial {Loudness} in {Multitrack} {Mixing}},
	url = {http://www.aes.org/e-lib/browse.cfm?elib=17098},
	urldate = {2016-01-30},
	booktitle = {Audio {Engineering} {Society} {Conference}: 53rd {International} {Conference}: {Semantic} {Audio}},
	publisher = {Audio Engineering Society},
	author = {Ma, Zheng and Reiss, Joshua D. and Black, Dawn AA},
	year = {2014},
	file = {PARTIAL LOUDNESS IN MULTITRACK MIXING - Ma Reiss Black - AES53.pdf:/home/patrik/Zotero/storage/J8XJNFZF/Ma Reiss Black - AES53.pdf:application/pdf}
}

@inproceedings{vickers_automatic_2001,
	title = {Automatic long-term loudness and dynamics matching},
	url = {http://www.aes.org/e-lib/browse.cfm?elib=9888},
	urldate = {2016-01-30},
	booktitle = {Audio {Engineering} {Society} {Convention} 111},
	publisher = {Audio Engineering Society},
	author = {Vickers, Earl},
	year = {2001},
	file = {Microsoft Word - AES_Loudness_Paper_reformatted.doc - LoudnessAndDynamicsMatching.pdf:/home/patrik/Zotero/storage/DK3VEKPQ/LoudnessAndDynamicsMatching.pdf:application/pdf}
}

@article{giannoulis_digital_2012,
	title = {Digital dynamic range compressor design—a tutorial and analysis},
	volume = {60},
	url = {http://www.aes.org/e-lib/browse.cfm?elib=16354},
	number = {6},
	urldate = {2016-01-30},
	journal = {Journal of the Audio Engineering Society},
	author = {Giannoulis, Dimitrios and Massberg, Michael and Reiss, Joshua D.},
	year = {2012},
	pages = {399--408},
	file = {JAES-1125-11_HR - GiannoulisMassbergReiss-dynamicrangecompression-JAES2012.pdf:/home/patrik/Zotero/storage/6U7M7BP3/GiannoulisMassbergReiss-dynamicrangecompression-JAES2012.pdf:application/pdf}
}

@misc{noauthor_jaes-1125-11_hr_nodate,
	title = {{JAES}-1125-11\_HR - {GiannoulisMassbergReiss}-dynamicrangecompression-{JAES2012}.pdf},
	url = {https://www.eecs.qmul.ac.uk/~josh/documents/GiannoulisMassbergReiss-dynamicrangecompression-JAES2012.pdf},
	urldate = {2016-01-30}
}

@misc{noauthor_sublimerepl_nodate,
	title = {{SublimeREPL} — {SublimeREPL} 1.0.30 documentation},
	url = {https://sublimerepl.readthedocs.org/en/latest/},
	urldate = {2015-12-22},
	file = {SublimeREPL — SublimeREPL 1.0.30 documentation:/home/patrik/Zotero/storage/5R6D7KKP/latest.html:text/html}
}

@book{bilbao_numerical_2009,
	title = {Numerical {Sound} {Synthesis}: {Finite} {Difference} {Schemes} and {Simulation} in {Musical} {Acoustics}},
	isbn = {978-0-470-74902-9},
	shorttitle = {Numerical {Sound} {Synthesis}},
	abstract = {Digital sound synthesis has long been approached using standard digital filtering techniques. Newer synthesis strategies, however, make use of physical descriptions of musical instruments, and allow for much more realistic and complex sound production and thereby synthesis becomes a problem of simulation. This book has a special focus on time domain finite difference methods presented within an audio framework. It covers time series and difference operators, and basic tools for the construction and analysis of finite difference schemes, including frequency-domain and energy-based methods, with special attention paid to problems inherent to sound synthesis. Various basic lumped systems and excitation mechanisms are covered, followed by a look at the 1D wave equation, linear bar and string vibration, acoustic tube modelling, and linear membrane and plate vibration. Various advanced topics, such as the nonlinear vibration of strings and plates, are given an elaborate treatment. Key features:  Includes a historical overview of digital sound synthesis techniques, highlighting the links between the various physical modelling methodologies. A pedagogical presentation containing over 150 problems and programming exercises, and numerous figures and diagrams, and code fragments in the MATLAB® programming language helps the reader with limited experience of numerical methods reach an understanding of this subject. Offers a complete treatment of all of the major families of musical instruments, including certain audio effects.  Numerical Sound Synthesis is suitable for audio and software engineers, and researchers in digital audio, sound synthesis and more general musical acoustics. Graduate students in electrical engineering, mechanical engineering or computer science, working on the more technical side of digital audio and sound synthesis, will also find this book of interest.},
	language = {en},
	publisher = {John Wiley \& Sons},
	author = {Bilbao, Stefan},
	month = sep,
	year = {2009},
	keywords = {Computers / Programming / Algorithms, Technology \& Engineering / Electrical}
}

@inproceedings{karjalainen_compilation_2003,
	title = {Compilation of unified physical models for efficient sound synthesis},
	volume = {5},
	doi = {10.1109/ICASSP.2003.1199999},
	abstract = {This paper describes a systematic approach to specification and compilation of different physical modeling schemes particularly for sound synthesis studies. First we formulate theoretically a unified way of constructing physical interaction models which include elements that use both wave variables and Kirchhoff variables. These elements can be applied to build 1D and multidimensional structures as well as lumped element models. In addition, typical signal processing algorithms are supported. A software environment (Block Compiler) has been developed, allowing for high-level object-based specification of physical models and their compilation to efficient code for execution.},
	booktitle = {2003 {IEEE} {International} {Conference} on {Acoustics}, {Speech}, and {Signal} {Processing}, 2003. {Proceedings}. ({ICASSP} '03)},
	author = {Karjalainen, M. and Erkut, C. and Savioja, L.},
	month = apr,
	year = {2003},
	keywords = {1D structures, audio coding, Block Compiler, compilation, Digital filters, Digital signal processing, efficient code, Finite difference methods, formal specification, high-level object-based specification, Impedance, Kirchhoff variables, Laboratories, lumped element models, multidimensional structures, music, Partial differential equations, physical interaction models, physical modeling schemes, program compilers, programming environments, Sampling methods, signal processing algorithms, Signal synthesis, software environment, sound synthesis, Time domain analysis, unified physical models, wave variables},
	pages = {V--433--6 vol.5},
	file = {IEEE Xplore Abstract Record:/home/patrik/Zotero/storage/KNTEVX42/login.html:text/html}
}

@misc{noauthor_asen5022.slide17.tex_nodate,
	title = {{ASEN5022}.slide17.tex - {ASEN5022}.slide.17.pdf},
	url = {http://www.colorado.edu/engineering/CAS/courses.d/IADYN.d/ASEN5022.slide.17.pdf},
	urldate = {2015-10-30}
}

@misc{noauthor_vibration_2015,
	title = {Vibration of plates},
	copyright = {Creative Commons Attribution-ShareAlike License},
	url = {https://en.wikipedia.org/w/index.php?title=Vibration_of_plates&oldid=683707777},
	abstract = {The vibration of plates is a special case of the more general problem of mechanical vibrations. The equations governing the motion of plates are simpler than those for general three-dimensional objects because one of the dimensions of a plate is much smaller than the other two. This suggests that a two-dimensional plate theory will give an excellent approximation to the actual three-dimensional motion of a plate-like object, and indeed that is found to be true.
There are several theories that have been developed to describe the motion of plates. The most commonly used are the Kirchhoff-Love theory and the Mindlin-Reissner theory. Solutions to the governing equations predicted by these theories can give us insight into the behavior of plate-like objects both under free and forced conditions. This includes the propagation of waves and the study of standing waves and vibration modes in plates.},
	language = {en},
	urldate = {2015-10-21},
	journal = {Wikipedia, the free encyclopedia},
	month = oct,
	year = {2015},
	note = {Page Version ID: 683707777},
	file = {Snapshot:/home/patrik/Zotero/storage/2PEKMNQG/index.html:text/html}
}

@misc{noauthor_physical_nodate,
	title = {Physical modeling of percussion instruments - 5768.pdf},
	url = {http://publications.lib.chalmers.se/records/fulltext/5768.pdf},
	urldate = {2015-10-18}
}

@misc{smith_mathematics_2007,
	type = {online book},
	title = {Mathematics of the {Discrete} {Fourier} {Transform} ({DFT})},
	url = {http://ccrma.stanford.edu/~jos/mdft/},
	urldate = {2014-08-09},
	journal = {Mathematics of the Discrete Fourier Transform (DFT)},
	author = {Smith, Julius O.},
	year = {2007},
	file = {Conjugation and Reversal:/home/patrik/Zotero/storage/7CTVCIDX/Conjugation_Reversal.html:text/html}
}

@book{frey_signal-_2009,
	address = {Wiesbaden},
	title = {Signal- und {Systemtheorie}: mit 26 {Tabellen}, 64 {Aufgaben} mit {Lösungen} und 84 {Beispielen}},
	isbn = {978-3-8348-9292-8 3-8348-9292-0 978-3-8351-0249-1 3-8351-0249-4},
	shorttitle = {Signal- und {Systemtheorie}},
	url = {http://dx.doi.org/10.1007/978-3-8348-9292-8},
	language = {German},
	urldate = {2014-08-09},
	publisher = {Vieweg+Teubner Verlag / GWV Fachverlage GmbH, Wiesbaden},
	author = {Frey, Bossert, Martin, Thomas},
	year = {2009}
}

@inproceedings{schroeder_natural_1961,
	title = {Natural {Sounding} {Artificial} {Reverberation}},
	url = {http://www.aes.org/e-lib/browse.cfm?elib=343},
	booktitle = {Audio {Engineering} {Society} {Convention} 13},
	author = {Schroeder, Manfred R.},
	year = {1961}
}

@article{khoury_3d_nodate,
	title = {A {3D} {Graphical} {User} {Interface} for {Resonance} {Modeling}},
	url = {http://www.researchgate.net/publication/228415135_A_3D_Graphical_User_Interface_for_Resonance_Modeling/file/50463521ccc5b55ba5.pdf},
	urldate = {2014-08-03},
	author = {Khoury, Amar Chaudhary Adrian Freed Sami and Wessel, David},
	file = {Microsoft Word - res-icmc-cdr– - 3d+graphical+user.pdf:/home/patrik/Zotero/storage/99E2SZ4N/3d+graphical+user.pdf:application/pdf}
}

@misc{noauthor_physically_2009,
	title = {Physically {Based} {Sound} {Synthesis} for {Interactive} {Applications} - {Cahill}.pdf},
	url = {https://www.scss.tcd.ie/postgraduate/msciet/current/Dissertations/0809/pdfs/Cahill.pdf},
	urldate = {2014-06-19},
	year = {2009},
	file = {Physically Based Sound Synthesis for Interactive Applications - Cahill.pdf:/home/patrik/Zotero/storage/9VJX374B/Cahill.pdf:application/pdf}
}

@misc{noauthor_flohberger_report.pdf_nodate,
	title = {flohberger\_report.pdf},
	url = {https://www2.spsc.tugraz.at/www-archive/AdvancedSignalProcessing/SpeechSynthesis.new/flohberger_report.pdf},
	urldate = {2014-08-01},
	file = {flohberger_report.pdf:/home/patrik/Zotero/storage/K4Q8V68Z/flohberger_report.pdf:application/pdf}
}

@article{scholkmann_efficient_2012,
	title = {An {Efficient} {Algorithm} for {Automatic} {Peak} {Detection} in {Noisy} {Periodic} and {Quasi}-{Periodic} {Signals}},
	volume = {5},
	issn = {1999-4893},
	url = {http://www.mdpi.com/1999-4893/5/4/588/},
	doi = {10.3390/a5040588},
	language = {en},
	number = {4},
	urldate = {2014-07-31},
	journal = {Algorithms},
	author = {Scholkmann, Felix and Boss, Jens and Wolf, Martin},
	month = nov,
	year = {2012},
	pages = {588--603},
	file = {Scholkmann et al. - 2012 - An Efficient Algorithm for Automatic Peak Detectio.pdf:/home/patrik/Zotero/storage/KHF568JD/Scholkmann et al. - 2012 - An Efficient Algorithm for Automatic Peak Detectio.pdf:application/pdf}
}

@misc{noauthor_notitle_nodate,
	url = {http://www.google.at/url?sa=t&rct=j&q=&esrc=s&source=web&cd=6&ved=0CEoQFjAF&url=http%3A%2F%2Fwww.researchgate.net%2Fpublication%2F233735046_An_Efficient_Algorithm_for_Automatic_Peak_Detection_in_Noisy_Periodic_and_Quasi-Periodic_Signals%2Flinks%2F09e4150ae82a36a70e000000&ei=c47aU7nOBJOy7AbnkIDoAg&usg=AFQjCNFk8MElNCy-JqdB-LT5iv8VUh_P-A&bvm=bv.72185853,d.ZGU},
	urldate = {2014-07-31},
	file = {:/home/patrik/Zotero/storage/U7BQX3DU/url.html:text/html}
}

@book{farnell_designing_2010-1,
	address = {Cambridge, Mass},
	title = {Designing sound},
	isbn = {978-0-262-01441-0},
	publisher = {MIT Press},
	author = {Farnell, Andy},
	year = {2010},
	keywords = {Animated films, Computer sound processing, Motion pictures, Recording and reproducing Digital techniques, Sound, Sound effects, Sounds, Video games}
}

@book{cook_real_2002,
	address = {Natick, Mass},
	title = {Real sound synthesis for interactive applications},
	isbn = {1-56881-168-3},
	publisher = {A K Peters},
	author = {Cook, Perry R.},
	year = {2002},
	keywords = {Computer sound processing, Recording and reproducing Digital techniques, Sound, Interactive multimedia}
}

@book{noauthor_notitle_nodate-1
}

@misc{smith_physical_2010,
	title = {{PHYSICAL} {AUDIO} {SIGNAL} {PROCESSING} {FOR} {VIRTUAL} {MUSICAL} {INSTRUMENTS} {AND} {AUDIO} {EFFECTS}},
	url = {https://ccrma.stanford.edu/~jos/pasp/},
	urldate = {2014-07-30},
	author = {Smith, Julius O.},
	year = {2010},
	file = {PHYSICAL AUDIO SIGNAL PROCESSING FOR VIRTUAL MUSICAL INSTRUMENTS AND AUDIO EFFECTS:/home/patrik/Zotero/storage/WHP9C75X/pasp.html:text/html}
}

@misc{van_den_doel_sounds_1996,
	title = {The {Sounds} of {Physical} {Shapes}},
	url = {http://www.cs.ubc.ca/~kvdoel/publications/sound-shapes.pdf},
	urldate = {2014-05-24},
	author = {van den Doel and Dinesh, K. Pai and Kees},
	year = {1996},
	file = {The Sounds of Physical Shapes:/home/patrik/Zotero/storage/UK57WDEA/The Sounds of Physical Shapes.pdf:application/pdf}
}

@misc{noauthor_pdflatex_nodate,
	title = {pdflatex - {How} to insert code into a latex doc - {Stack} {Overflow}},
	url = {http://stackoverflow.com/questions/3175105/how-to-insert-code-into-a-latex-doc},
	urldate = {2014-07-29},
	file = {pdflatex - How to insert code into a latex doc - Stack Overflow:/home/patrik/Zotero/storage/RRG3QQ87/how-to-insert-code-into-a-latex-doc.html:text/html}
}

@misc{noauthor_how_nodate,
	title = {How to insert code into a latex doc},
	url = {http://stackoverflow.com/questions/3175105/how-to-insert-code-into-a-latex-doc},
	abstract = {This seems like a trivial question but google has not give me any fast results.  

How to do I insert code into a latex document?  Is there something like:

{\textbackslash}begin\{code\}
...
{\textbackslash}end\{code\}


Or how sho...},
	urldate = {2014-07-29},
	file = {Snapshot:/home/patrik/Zotero/storage/8KZ2A4B7/how-to-insert-code-into-a-latex-doc.html:text/html}
}

@inproceedings{chaudhary_3-d_1998,
	title = {A 3-{D} graphical user interface for resonance modeling},
	booktitle = {Proceedings of the {International} {Computer} {Music} {Conference}, {Ann} {Arbor}},
	author = {Chaudhary, Amar and Freed, Adrian and Khoury, Sami and Wessel, David},
	year = {1998},
	file = {Microsoft Word - res-icmc-cdr– - 3d+graphical+user.pdf:/home/patrik/Zotero/storage/JAICPXUI/3d+graphical+user.pdf:application/pdf}
}

@misc{noauthor_nature_nodate,
	title = {The {Nature} of {Code}},
	url = {http://natureofcode.com/book/chapter-2-forces/},
	urldate = {2014-02-10},
	file = {The Nature of Code:/home/patrik/Zotero/storage/8JAR8DCS/chapter-2-forces.html:text/html}
}

@misc{noauthor_topic:_nodate,
	title = {Topic: tips on structuring/laying out patches? « {Cycling} 74},
	url = {http://cycling74.com/forums/topic/tips-on-structuringlaying-out-patches/},
	urldate = {2014-02-05},
	file = {Topic\: tips on structuring/laying out patches? « Cycling 74:/home/patrik/Zotero/storage/Z6ADIBBX/tips-on-structuringlaying-out-patches.html:text/html}
}

@misc{noauthor_max_nodate,
	title = {Max for {Live} {Tutorial} « {Cycling} 74},
	url = {http://cycling74.com/2011/05/19/max-for-live-tutorial-adding-pattr-presets-to-your-live-session/},
	urldate = {2014-02-05},
	file = {Max for Live Tutorial « Cycling 74:/home/patrik/Zotero/storage/MJPI3GNV/max-for-live-tutorial-adding-pattr-presets-to-your-live-session.html:text/html}
}

@misc{noauthor_making_nodate,
	title = {Making {A} {Slick} {Max} {Standalone} presentation from {Expo} ’74 workshop « {Cycling} 74},
	url = {http://cycling74.com/toolbox/making-a-slick-max-standalone-presentation-from-expo-74-workshop/},
	urldate = {2014-02-05},
	file = {Making A Slick Max Standalone presentation from Expo ’74 workshop « Cycling 74:/home/patrik/Zotero/storage/K9UPZ2MR/making-a-slick-max-standalone-presentation-from-expo-74-workshop.html:text/html}
}

@misc{noauthor_basic_nodate,
	title = {A {Basic} {Introduction} to {Digital} {Waveguide} {Synthesis} (for the {Technically} {Inclined})},
	url = {https://ccrma.stanford.edu/~jos/swgt/swgt.html},
	urldate = {2014-02-03},
	file = {A Basic Introduction to Digital Waveguide Synthesis (for the Technically Inclined):/home/patrik/Zotero/storage/D728RJ6Z/swgt.html:text/html}
}

@article{ahgren_simple_2003,
	title = {A simple method for estimating the impulse responses of loudspeakers},
	volume = {49},
	url = {http://ieeexplore.ieee.org/xpls/abs_all.jsp?arnumber=1261170},
	number = {4},
	urldate = {2014-01-31},
	journal = {Consumer Electronics, IEEE Transactions on},
	author = {Ahgren, Per and Stoica, Petre},
	year = {2003},
	pages = {889--893},
	file = {01261170.pdf:/home/patrik/Zotero/storage/8BESGJ9M/01261170.pdf:application/pdf}
}

@misc{karjalainen_plucked_nodate,
	title = {Plucked {String} {Models}: {From} the {Karplus}-{Strong} {Algorithm} to {Digital} {Waveguides} and {Beyond}},
	url = {http://lib.tkk.fi/Diss/2000/isbn9512251965/article1.pdf},
	urldate = {2014-01-19},
	author = {Karjalainen, Matti and Välimäki, Vesa and Tolonen, Tero},
	file = {Plucked String Models\: From the Karplus-Strong Algorithm to Digital Waveguides and Beyond:/home/patrik/Zotero/storage/4JZBSQS4/Plucked String Models From the Karplus-Strong Algorithm to Digital Waveguides and Beyond.pdf:application/pdf}
}

@misc{cycling_74_msp:_nodate,
	title = {{MSP}: {Audio} {Input} and {Output}},
	url = {http://cycling74.com/docs/max6/dynamic/c74_docs.html#mspaudioio},
	urldate = {2014-01-13},
	author = {Cycling '74},
	file = {MSP\: Audio Input and Output:/home/patrik/Zotero/storage/BW5GEUTM/c74_docs.html:text/html}
}

@misc{noauthor_algorithmic_nodate,
	title = {Algorithmic {Composer} {\textbar} {Algorithmic} {Composition} tutorials, thoughts and tools},
	url = {http://algorithmiccomposer.com/},
	urldate = {2014-01-13},
	file = {Algorithmic Composer | Algorithmic Composition tutorials, thoughts and tools:/home/patrik/Zotero/storage/UJGSVKGT/algorithmiccomposer.com.html:text/html}
}

@misc{smith_scientist_nodate,
	title = {The {Scientist} and {Engineer}'s {Guide} to {Digital} {Signal} {Processing}},
	url = {http://www.dspguide.com/pdfbook.htm},
	urldate = {2014-01-13},
	author = {Smith, Steven w.},
	file = {The Scientist and Engineer's Guide to Digital Signal Processing's Table of Content:/home/patrik/Zotero/storage/IFE6ZC77/pdfbook.html:text/html}
}

@misc{puckette_theory_nodate,
	title = {The {Theory} and {Technique} of {Electronic} {Music}},
	url = {http://www.crca.ucsd.edu/~msp/techniques/v0.11/book-html/},
	urldate = {2014-01-13},
	author = {Puckette, Miller},
	file = {book:/home/patrik/Zotero/storage/93E6IEIV/book.html:text/html}
}

@book{roads_computer_1996,
	address = {Cambridge, Mass},
	title = {The computer music tutorial},
	isbn = {0-262-18158-4},
	publisher = {MIT Press},
	author = {Roads, Curtis},
	year = {1996},
	keywords = {Computer composition, Computer music, Instruction and study}
}

@book{farnell_designing_2010-2,
	address = {Cambridge, Mass},
	title = {Designing sound},
	isbn = {978-0-262-01441-0},
	publisher = {MIT Press},
	author = {Farnell, Andy},
	year = {2010},
	keywords = {Animated films, Computer sound processing, Motion pictures, Recording and reproducing Digital techniques, Sound, Sound effects, Sounds, Video games}
}

@misc{noauthor_nord_nodate,
	title = {Nord modular synthesis {Techniques}},
	url = {http://www.cim.mcgill.ca/~clark/nordmodularbook/nm_filters.html#analog},
	urldate = {2013-06-12},
	file = {:/home/patrik/Zotero/storage/AKKHU8RP/nm_filters.html:text/html}
}

@book{cipriani_electronic_2010,
	address = {Rome},
	title = {Electronic music and sound design: theory and practice with {Max}/{MSP} - vol. 1.},
	shorttitle = {Electronic music and sound design},
	language = {English},
	publisher = {ConTempoNet},
	author = {Cipriani, Alessandro and Giri, Maurizio},
	year = {2010}
}

@book{rosand_opera_2007,
	title = {Opera in {Seventeenth}-{Century} {Venice}: {The} {Creation} of a {Genre}},
	isbn = {978-0-520-93456-6},
	shorttitle = {Opera in {Seventeenth}-{Century} {Venice}},
	abstract = {Ellen Rosand shows how opera, born of courtly entertainment, took root in the special social and economic environment of seventeenth-century Venice and there developed the stylistic and aesthetic characteristics we recognize as opera today. With ninety-one music examples, most of them complete pieces nowhere else in print, and enlivened by twenty-eight illustrations, this landmark study will be essential for all students of opera, amateur and professional, and for students of European cultural history in general.  Because opera was new in the seventeenth century, the composers (most notably Monteverdi and Cavalli), librettists, impresarios, singers, and designers were especially aware of dealing with aesthetic issues as they worked. Rosand examines critically for the first time the voluminous literary and musical documentation left by the Venetian makers of opera. She determines how these pioneers viewed their art and explains the mechanics of the proliferation of opera, within only four decades, to stages across Europe. Rosand isolates two features of particular importance to this proliferation: the emergence of conventions—musical, dramatic, practical—that facilitated replication; and the acute self-consciousness of the creators who, in their scores, librettos, letters, and other documents, have left us a running commentary on the origins of a genre.},
	language = {en},
	publisher = {University of California Press},
	author = {Rosand, Ellen},
	year = {2007},
	keywords = {History / Europe / Italy, Music / Genres \& Styles / Opera, Music / History \& Criticism}
}

@misc{noauthor_shortcuts_nodate,
	title = {shortcuts},
	url = {http://cycling74.com/docs/max5/vignettes/core/shortcuts.html#keyboardshortcuts},
	urldate = {2014-01-11},
	file = {shortcuts:/home/patrik/Zotero/storage/5U4MV9XZ/shortcuts.html:text/html}
}

@misc{noauthor_digital_nodate,
	title = {The digital state variable filter {\textbar} {EarLevel} {Engineering}},
	url = {http://www.earlevel.com/main/2003/03/02/the-digital-state-variable-filter/},
	urldate = {2013-12-22},
	file = {The digital state variable filter | EarLevel Engineering:/home/patrik/Zotero/storage/RVITHZNU/the-digital-state-variable-filter.html:text/html}
}

@misc{noauthor_biquad_nodate,
	title = {Biquad calculator v2 {\textbar} {EarLevel} {Engineering}},
	url = {http://www.earlevel.com/main/2013/10/13/biquad-calculator-v2/},
	urldate = {2013-12-22},
	file = {Biquad calculator v2 | EarLevel Engineering:/home/patrik/Zotero/storage/ZPAMGIT8/biquad-calculator-v2.html:text/html}
}

@misc{noauthor__nodate,
	title = {» {Topic}: cpu display in max over 100\% but everything ok in task manager (win)},
	shorttitle = {» {Topic}},
	url = {http://cycling74.com/forums/topic/cpu-display-in-max-over-100-but-everything-ok-in-task-manager-win/},
	urldate = {2013-12-21},
	file = {Snapshot:/home/patrik/Zotero/storage/RDDRPD5U/cpu-display-in-max-over-100-but-everything-ok-in-task-manager-win.html:text/html}
}

@misc{noauthor_tutorial_nodate,
	title = {Tutorial 42: {Slab}: {Data} {Processing} on the {GPU}},
	url = {http://www.cycling74.com/docs/max5/tutorials/jit-tut/jitterchapter42.html},
	urldate = {2013-12-21},
	file = {Tutorial 42\: Slab\: Data Processing on the GPU:/home/patrik/Zotero/storage/JCWXGDX8/jitterchapter42.html:text/html}
}

@misc{noauthor__nodate-1,
	title = {» {Topic}: cpu display in max over 100\% but everything ok in task manager (win)},
	shorttitle = {» {Topic}},
	url = {http://cycling74.com/forums/topic/cpu-display-in-max-over-100-but-everything-ok-in-task-manager-win/},
	urldate = {2013-12-21},
	file = {Snapshot:/home/patrik/Zotero/storage/DMXIMA3D/cpu-display-in-max-over-100-but-everything-ok-in-task-manager-win.html:text/html}
}

@misc{noauthor__nodate-2,
	title = {» {Topic}: {Poly}{\textasciitilde}: differencese between threadcount and parallel?},
	shorttitle = {» {Topic}},
	url = {http://cycling74.com/forums/topic/poly-differencese-between-threadcount-and-parallel/},
	urldate = {2013-12-21},
	file = {Snapshot:/home/patrik/Zotero/storage/V9G6B3UG/poly-differencese-between-threadcount-and-parallel.html:text/html}
}

@misc{noauthor__nodate-3,
	title = {» {Topic}: {Multithreading} suggestions},
	shorttitle = {» {Topic}},
	url = {http://cycling74.com/forums/topic/multithreading-suggestions/},
	urldate = {2013-12-21},
	file = {Snapshot:/home/patrik/Zotero/storage/SAE68VGS/multithreading-suggestions.html:text/html}
}

@misc{noauthor__nodate-4,
	title = {» {Topic}: {GEN} and parallel computing},
	shorttitle = {» {Topic}},
	url = {http://cycling74.com/forums/topic/gen-and-parallel-computing/},
	urldate = {2013-12-21},
	file = {Snapshot:/home/patrik/Zotero/storage/8UXDGWXR/gen-and-parallel-computing.html:text/html}
}

@misc{noauthor_comparison_2013,
	title = {Comparison of audio synthesis environments},
	copyright = {Creative Commons Attribution-ShareAlike License},
	url = {http://en.wikipedia.org/w/index.php?title=Comparison_of_audio_synthesis_environments&oldid=584029236},
	abstract = {Software audio synthesis environments typically consist of an audio programming language (which may be graphical) and a user environment to design/run the language in. Although many of these environments are comparable in their abilities to produce high-quality audio, their differences and specialties are what draw users to a particular platform. This article compares noteworthy audio synthesis environments, and enumerates basic issues associated with their use.},
	language = {en},
	urldate = {2013-12-12},
	journal = {Wikipedia, the free encyclopedia},
	month = dec,
	year = {2013},
	note = {Page Version ID: 584029236},
	file = {Snapshot:/home/patrik/Zotero/storage/NADJNKWB/index.html:text/html}
}

@misc{noauthor_k-dio_nodate,
	title = {K-{DIO} 13 - {Monitor}-{Kupplung}, 13-polig bei reichelt elektronik},
	url = {http://www.reichelt.de/?ACTION=3;GROUP=C165;GROUPID=3240;ARTICLE=9085;SID=28osZiOqwQARwAACPggLs33245c5ab757acdd57676f78f4163064},
	urldate = {2013-08-18},
	file = {K-DIO 13 - Monitor-Kupplung, 13-polig bei reichelt elektronik:/home/patrik/Zotero/storage/K965SZUW/www.reichelt.de.html:text/html}
}

@misc{noauthor_eb-dio_nodate,
	title = {{EB}-{DIO} 13 - {MINI}-{DIN}-{Printbuchse}, 13-polig {Atari} bei reichelt elektronik},
	url = {http://www.reichelt.de/?ACTION=3;GROUP=C165;GROUPID=3240;ARTICLE=7277;SID=28osZiOqwQARwAACPggLs33245c5ab757acdd57676f78f4163064},
	urldate = {2013-08-18},
	file = {EB-DIO 13 - MINI-DIN-Printbuchse, 13-polig Atari bei reichelt elektronik:/home/patrik/Zotero/storage/EVX4WDNP/www.reichelt.de.html:text/html}
}

@misc{noauthor_miyama_nodate,
	title = {Miyama {Miniatur}-{Kippschalter} 250 {V}/{AC} 3 {A} mit {Flachhebel} {MS} 500 {A}-{MF} {RED} 1 x {Ein}/{Ein} rastend/rastend im {Conrad} {Online} {Shop} {\textbar} 700924},
	url = {http://www.conrad.at/ce/de/product/700924/Miyama-Miniatur-Kippschalter-250-VAC-3-A-mit-Flachhebel-MS-500-A-MF-RED-1-x-EinEin-rastendrastend},
	urldate = {2013-08-14},
	file = {700924-da-01-en-Kippschalter_1polig_rot.pdf:/home/patrik/Zotero/storage/SGFEQ9KB/700924-da-01-en-Kippschalter_1polig_rot.pdf:application/pdf;Miyama Miniatur-Kippschalter 250 V/AC 3 A mit Flachhebel MS 500 A-MF RED 1 x Ein/Ein rastend/rastend im Conrad Online Shop | 700924:/home/patrik/Zotero/storage/NEWBP299/Miyama-Miniatur-Kippschalter-250-VAC-3-A-mit-Flachhebel-MS-500-A-MF-RED-1-x-EinEin-rastendraste.html:text/html}
}

@misc{noauthor_miniatur-kippschalter_nodate,
	title = {Miniatur-{Kippschalter} 250 {V}/{AC} 3 {A} {LB}-601-2 1 x {Ein}/{Ein} rastend/rastend im {Conrad} {Online} {Shop} {\textbar} 700380},
	url = {http://www.conrad.at/ce/de/product/700380/Miniatur-Kippschalter-250-VAC-3-A-LB-601-2-1-x-EinEin-rastendrastend},
	urldate = {2013-08-11},
	file = {700380-da-01-en-Kippschalter_1XUM.pdf:/home/patrik/Zotero/storage/HA5VBQVQ/700380-da-01-en-Kippschalter_1XUM.pdf:application/pdf;Miniatur-Kippschalter 250 V/AC 3 A LB-601-2 1 x Ein/Ein rastend/rastend im Conrad Online Shop | 700380:/home/patrik/Zotero/storage/EB4TNQ3G/Miniatur-Kippschalter-250-VAC-3-A-LB-601-2-1-x-EinEin-rastendrastend.html:text/html}
}

@misc{noauthor_piher_nodate,
	title = {Piher {Potentiometer} {PC}-16 {PC16SH}-{10IP06222A2020MTA} {M10} x 9 mm {Lin} 2.2 {kΩ} 0,2 {W} ± 20 \% im {Conrad} {Online} {Shop} {\textbar} 445389},
	url = {http://www.conrad.at/ce/de/product/445389/Piher-Potentiometer-PC-16-PC16SH-10IP06222A2020MTA-M10-x-9-mm-Lin-22-k-02-W-20-},
	urldate = {2013-08-10},
	file = {Piher Potentiometer PC-16 PC16SH-10IP06222A2020MTA M10 x 9 mm Lin 2.2 kΩ 0,2 W ± 20 % im Conrad Online Shop | 445389:/home/patrik/Zotero/storage/WMIZGWVC/Piher-Potentiometer-PC-16-PC16SH-10IP06222A2020MTA-M10-x-9-mm-Lin-22-k-02-W-20-.html:text/html}
}

@misc{noauthor_zotero_nodate,
	title = {Zotero {\textbar} {Login}},
	url = {https://www.zotero.org/user/login},
	urldate = {2013-08-10},
	file = {Zotero | Login:/home/patrik/Zotero/storage/UWU879BH/login.html:text/html}
}

@misc{noauthor_pfostenverbinder_nodate,
	title = {Pfostenverbinder {RM} 2,54 {Rastermaß}: 2.54 mm {Pole}: 2 x 13 141-26-10-60 {W} \& {P} {Products} {Inhalt}: 1 {St}. im {Conrad} {Online} {Shop} {\textbar} 734604},
	url = {http://www.conrad.at/ce/de/product/734604/Pfostenverbinder-RM-254-Rastermass-254-mm-Pole-2-x-13-141-26-10-60-W-P-Products-Inhalt-1-St},
	urldate = {2013-08-09},
	file = {Pfostenverbinder RM 2,54 Rastermaß\: 2.54 mm Pole\: 2 x 13 141-26-10-60 W & P Products Inhalt\: 1 St. im Conrad Online Shop | 734604:/home/patrik/Zotero/storage/AJRAI9BM/Pfostenverbinder-RM-254-Rastermass-254-mm-Pole-2-x-13-141-26-10-60-W-P-Products-Inhalt-1-St.html:text/html}
}

@misc{noauthor_led-abstandshalter_nodate,
	title = {{LED}-{Abstandshalter} {KSS} {LD3}-12 {Natur} {Passend} für {LED} 3 mm im {Conrad} {Online} {Shop} {\textbar} 181909},
	url = {http://www.conrad.at/ce/de/product/181909/LED-Abstandshalter-KSS-LD3-12-Natur-Passend-fuer-LED-3-mm},
	urldate = {2013-08-09},
	file = {LED-Abstandshalter KSS LD3-12 Natur Passend für LED 3 mm im Conrad Online Shop | 181909:/home/patrik/Zotero/storage/WBS35ARX/LED-Abstandshalter-KSS-LD3-12-Natur-Passend-fuer-LED-3-mm.html:text/html}
}

@misc{noauthor_pfostenverbinder_nodate-1,
	title = {Pfostenverbinder {RM} 2,54 {Rastermaß}: 2.54 mm {Pole}: 2 x 13 141-26-10-60 {W} \& {P} {Products} {Inhalt}: 1 {St}. im {Conrad} {Online} {Shop} {\textbar} 734604},
	url = {http://www.conrad.at/ce/de/product/734604/Pfostenverbinder-RM-254-Rastermass-254-mm-Pole-2-x-13-141-26-10-60-W-P-Products-Inhalt-1-St},
	urldate = {2013-07-24},
	file = {Pfostenverbinder RM 2,54 Rastermaß\: 2.54 mm Pole\: 2 x 13 141-26-10-60 W & P Products Inhalt\: 1 St. im Conrad Online Shop | 734604:/home/patrik/Zotero/storage/SHF6JPWD/Pfostenverbinder-RM-254-Rastermass-254-mm-Pole-2-x-13-141-26-10-60-W-P-Products-Inhalt-1-St.html:text/html}
}

@misc{noauthor_klinkeneinbaubuchse_nodate,
	title = {Klinkeneinbaubuchse 6,35 mm {Buchse} {Einbau} {Pole}=3/{Stereo} {NYS232} {Rean} {AV} {Inhalt}: 1 {St}. im {Conrad} {Online} {Shop} {\textbar} 715583},
	url = {http://www.conrad.at/ce/de/product/715583/Klinkeneinbaubuchse-635-mm-Buchse-Einbau-Pole3Stereo-NYS232-Rean-AV-Inhalt-1-St},
	urldate = {2013-07-23},
	file = {Klinkeneinbaubuchse 6,35 mm Buchse Einbau Pole=3/Stereo NYS232 Rean AV Inhalt\: 1 St. im Conrad Online Shop | 715583:/home/patrik/Zotero/storage/MA4FD3D6/Klinkeneinbaubuchse-635-mm-Buchse-Einbau-Pole3Stereo-NYS232-Rean-AV-Inhalt-1-St.html:text/html}
}

@misc{noauthor_apem_nodate,
	title = {{APEM} {Hebelschalter} 250 {V}/{AC} 3 {A} {5237A} 1 x ({Ein})/{Aus}/({Ein}) tastend/0/tastend im {Conrad} {Online} {Shop} {\textbar} 700165},
	url = {http://www.conrad.at/ce/de/product/700165/APEM-Hebelschalter-250-VAC-3-A-5237A-1-x-EinAusEin-tastend0tastend},
	urldate = {2013-07-16},
	file = {APEM Hebelschalter 250 V/AC 3 A 5237A 1 x (Ein)/Aus/(Ein) tastend/0/tastend im Conrad Online Shop | 700165:/home/patrik/Zotero/storage/3C7XX4MK/APEM-Hebelschalter-250-VAC-3-A-5237A-1-x-EinAusEin-tastend0tastend.html:text/html}
}

@misc{noauthor_apem_nodate-1,
	title = {{APEM} {Hebelschalter} 250 {V}/{AC} 3 {A} {5236A} 1 x {Ein}/{Ein} rastend/rastend im {Conrad} {Online} {Shop} {\textbar} 700153},
	url = {http://www.conrad.at/ce/de/product/700153/APEM-Hebelschalter-250-VAC-3-A-5236A-1-x-EinEin-rastendrastend},
	urldate = {2013-07-16},
	file = {APEM Hebelschalter 250 V/AC 3 A 5236A 1 x Ein/Ein rastend/rastend im Conrad Online Shop | 700153:/home/patrik/Zotero/storage/FRDJA9DF/APEM-Hebelschalter-250-VAC-3-A-5236A-1-x-EinEin-rastendrastend.html:text/html}
}

@misc{noauthor_apem_nodate-2,
	title = {{APEM} {Hebelschalter} 250 {V}/{AC} 3 {A} {5537A} 1 x ({Ein})/{Aus}/({Ein}) tastend/0/tastend im {Conrad} {Online} {Shop} {\textbar} 700351},
	url = {http://www.conrad.at/ce/de/product/700351/APEM-Hebelschalter-250-VAC-3-A-5537A-1-x-EinAusEin-tastend0tastend},
	urldate = {2013-07-16},
	file = {APEM Hebelschalter 250 V/AC 3 A 5537A 1 x (Ein)/Aus/(Ein) tastend/0/tastend im Conrad Online Shop | 700351:/home/patrik/Zotero/storage/ZK6P4PHX/APEM-Hebelschalter-250-VAC-3-A-5537A-1-x-EinAusEin-tastend0tastend.html:text/html}
}

@misc{noauthor_tt_nodate-1,
	title = {{TT} {Electronics} {AB} {Leitplastik}-{Potentiometer} 9 mm {P090S}-{04F20} {B}-50 {KR} oben einstellbar, single {Unit} lin 50 {kΩ} ± 20 \% im {Conrad} {Online} {Shop} {\textbar} 451853},
	url = {http://www.conrad.at/ce/de/product/451853/TT-Electronics-AB-Leitplastik-Potentiometer-9-mm-P090S-04F20-B-50-KR-oben-einstellbar-single-Unit-lin-50-k-20-},
	urldate = {2013-07-16},
	file = {TT Electronics AB Leitplastik-Potentiometer 9 mm P090S-04F20 B-50 KR oben einstellbar, single Unit lin 50 kΩ ± 20 % im Conrad Online Shop | 451853:/home/patrik/Zotero/storage/59NFDHFT/TT-Electronics-AB-Leitplastik-Potentiometer-9-mm-P090S-04F20-B-50-KR-oben-einstellbar-single-Un.html:text/html}
}

@misc{noauthor_klinkeneinbaukupplung_nodate,
	title = {Klinkeneinbaukupplung 3,5 mm {Stehend} {Pole}=3 / {Stereo} 1502 01 {Lumberg} {Inhalt}: 1 {St}. im {Conrad} {Online} {Shop} {\textbar} 738672},
	url = {http://www.conrad.at/ce/de/product/738672/Klinkeneinbaukupplung-35-mm-Stehend-Pole3-Stereo-1502-01-Lumberg-Inhalt-1-St},
	urldate = {2013-07-16},
	file = {Klinkeneinbaukupplung 3,5 mm Stehend Pole=3 / Stereo 1502 01 Lumberg Inhalt\: 1 St. im Conrad Online Shop | 738672:/home/patrik/Zotero/storage/S6PKXGE4/Klinkeneinbaukupplung-35-mm-Stehend-Pole3-Stereo-1502-01-Lumberg-Inhalt-1-St.html:text/html}
}

@misc{noauthor_klinkeneinbaukupplung_nodate-1,
	title = {Klinkeneinbaukupplung 6,35 mm {Mono} (isoliert) {Pole}=2 / {Mono} (isolé) 1109030 {BKL} {Electronic} {Inhalt}: 1 {St}. im {Conrad} {Online} {Shop} {\textbar} 732761},
	url = {http://www.conrad.at/ce/de/product/732761/Klinkeneinbaukupplung-635-mm-Mono-isoliert-Pole2-Mono-isol-1109030-BKL-Electronic-Inhalt-1-St#bewertungen},
	urldate = {2013-07-16},
	file = {Klinkeneinbaukupplung 6,35 mm Mono (isoliert) Pole=2 / Mono (isolé) 1109030 BKL Electronic Inhalt\: 1 St. im Conrad Online Shop | 732761:/home/patrik/Zotero/storage/73MCPE58/Klinkeneinbaukupplung-635-mm-Mono-isoliert-Pole2-Mono-isol-1109030-BKL-Electronic-Inhalt-1-St.html:text/html}
}

@misc{noauthor_87555_nodate,
	title = {87555 {Adam} {Hall} 19" {Parts} 87555 - 19" {Rackwanne} 2 {HE} mit {Auszugsschienen}},
	url = {http://www.adamhall.com/de/ah_19_Parts_87555_-_19_Rackwanne_2_HE_mit_Auszugsschienen.html},
	urldate = {2013-07-14},
	file = {87555 Adam Hall 19" Parts 87555 - 19" Rackwanne 2 HE mit Auszugsschienen:/home/patrik/Zotero/storage/DZX8GP9Z/ah_19_Parts_87555_-_19_Rackwanne_2_HE_mit_Auszugsschienen.html:text/html}
}

@misc{noauthor_pb_nodate,
	title = {{PB} {Fastener} {Soft}-{Touch}-{Knopf} 3030407 {Schwarz} {Achs}-{Durchmesser} ({Achssitz} verzahnt) 6 mm {Rot} {Knopf}-Ø 16 mm {Rot} im {Conrad} {Online} {Shop} {\textbar} 715859},
	url = {http://www.conrad.at/ce/de/product/715859/?insert=62&insertNoDeeplink&productname=PB-Fastener-Soft-Touch-Knopf-3030407-Schwarz-Achs-Durchmesser-Achssitz-verzahnt-6-mm-Rot-Knopf-16-mm-Rot},
	abstract = {PB Fastener Soft-Touch-Knopf 3030407 Schwarz Achs-Durchmesser (Achssitz verzahnt) 6 mm Rot Knopf-Ø 16 mm Rot - jetzt einfach online kaufen bei Conrad, Ihrem Online Shop für Technik \& Elektronik. {\textbar} 715859},
	urldate = {2013-07-12},
	keywords = {Conrad, Conrad Online Shop, Conrad Shop, Online Shop, PB Fastener Soft-Touch-Knopf 3030407 Schwarz Achs-Durchmesser (Achssitz verzahnt) 6 mm Rot Knopf-Ø 16 mm Rot, PB Fastener Soft-Touch-Knopf 3030407 Schwarz Achs-Durchmesser (Achssitz verzahnt) 6 mm Rot Knopf-Ø 16 mm Rot online kaufen},
	file = {Snapshot:/home/patrik/Zotero/storage/EKCEXQNM/715859.html:text/html}
}

@misc{noauthor_knobs_nodate,
	title = {Knobs :: {Electromechanical} :: {Electronic} {Parts} :: {Banzai} {Music} {GmbH}},
	url = {http://www.banzaimusic.com/Knobs/},
	urldate = {2013-07-12},
	file = {Knobs \:\: Electromechanical \:\: Electronic Parts \:\: Banzai Music GmbH:/home/patrik/Zotero/storage/4W6G3WDN/Knobs.html:text/html}
}

@misc{noauthor_introduction_nodate,
	title = {An {Introduction} to {Variable} and {Feature} {Selection}},
	url = {http://jmlr.org/papers/volume3/guyon03a/guyon03a.pdf},
	abstract = {Variable and feature selection have become the focus of much research in areas of application for
which datasets with tens or hundreds of thousands of variables are available. These areas include
text processing of internet documents, gene expression array analysis, and combinatorial chemistry.
The objective of variable selection is three-fold: improving the prediction performance of the predictors,
providing faster and more cost-effective predictors, and providing a better understanding of
the underlying process that generated the data. The contributions of this special issue cover a wide
range of aspects of such problems: providing a better definition of the objective function, feature
construction, feature ranking, multivariate feature selection, efficient search methods, and feature
validity assessment methods.}
}

@misc{noauthor_vibration_nodate,
	title = {Vibration {Signature} {Analysis} as a {Diagnostic} {Tool} for {Condition} {Assessment} of {Rotating} {Equipments}},
	url = {https://www.ndt.net/article/nde-india2009/pdf/5-D-5.pdf},
	abstract = {Tarapur Atomic Power Station 1\&2 (TAPS \# 1\&2) is a twin Boiling Water Reactor (BWR) nuclear power station, with each unit operating
at 160 MWe. Both the units were commissioned in November 1969 and completed about 40 years of operation. Nuclear power plant operation
requires reliable and continuous operation of equipments confirming to its design intent. These equipments include rotating equipment (such
as pumps, compressor, turbine generator, fan etc) and static equipments (such as heat exchanger, reactor vessel). TAPS has adopted reliability
centered maintenance (RCM) policy for rotating equipments. To execute RCM performance data such as operating parameters, vibration,
bearing temperature, noise, speed and current are monitored. Based on parameters condition assessment of equipment is done. This allows
us to schedule the maintenance programme or other actions to be taken before the failure occurs to avoid the consequences of failure. It
is typically much more cost effective than allowing the machinery to fail. By following these tools TAPS has been able to operate in safe,
efficient and economical manner. For judging rotating equipments condition, vibration monitoring and its signature analysis has significant
contribution. TAPS has solve many uncommon problem of rotating equipment during last 15 years such as rectification of turbine generator
thermal sensitivity, rectification of high pressure multi stage pump high noise problem, rectification of vertical turbine pump high vibration
problem and many more. This paper depicts an overview of TAPS condition monitoring and performance evaluation on the basis of vibration
signature analysis of rotating equipments at TAPS 1\&2 with some case studies}
}

@inproceedings{yen_wavelet_1999,
	address = {Washington, DC, USA},
	title = {Wavelet packet feature extraction for vibration monitoring},
	volume = {5},
	isbn = {978-0-7803-5529-3},
	url = {http://ieeexplore.ieee.org/document/836202/},
	doi = {10.1109/IJCNN.1999.836202},
	abstract = {Condition monitoring of dynamic systems based on vibration signatures has generally relied upon Fourier based analysis as a means of translating vibration signals in time domain into the frequency domain. However, Fourier analysis provided a poor representation of signals well localized in time. The wavelet packet transform is introduced as an alternative means of extracting time-frequency information from vibration signature. Moreover, with the aid of statistical based feature selection criteria, a lot of feature components containing little discriminant information could be discarded resulting in a feature subset with reduced number of parameters. This significantly reduces the long training time that is often associated with neural network classifier and increases the generalization ability of the neural network classifier.},
	urldate = {2019-02-06},
	booktitle = {{IJCNN}'99. {International} {Joint} {Conference} on {Neural} {Networks}. {Proceedings} ({Cat}. {No}.{99CH36339})},
	publisher = {IEEE},
	author = {Yen, G.Y. and {Kuo-Chung Lin}},
	year = {1999},
	pages = {3365--3370}
}

@article{yan_complexity_2004,
	title = {Complexity as a {Measure} for {Machine} {Health} {Evaluation}},
	volume = {53},
	issn = {0018-9456},
	url = {http://ieeexplore.ieee.org/document/1316025/},
	doi = {10.1109/TIM.2004.831169},
	abstract = {This paper presents a machine health evaluation technique using the Lempel-Ziv complexity as a numerical measure. Comparing to conventional techniques such as spectral and time-frequency analysis, the presented approach does not require a linear transfer function of the physical system to be evaluated, and is thus suited for the condition monitoring of machine systems under varying operation and loading conditions. Theoretical foundation of the technique is introduced, and its performance is investigated through experimental study of realistic vibration signals measured from a rolling bearing system. The results demonstrated that complexity provides an effective measure for machine health condition evaluation.},
	language = {en},
	number = {4},
	urldate = {2019-02-06},
	journal = {IEEE Transactions on Instrumentation and Measurement},
	author = {Yan, R. and Gao, R.X.},
	month = aug,
	year = {2004},
	pages = {1327--1334}
}

@article{yan_efficient_2005,
	title = {An efficient approach to machine health diagnosis based on harmonic wavelet packet transform},
	volume = {21},
	issn = {07365845},
	url = {https://linkinghub.elsevier.com/retrieve/pii/S0736584504001115},
	doi = {10.1016/j.rcim.2004.10.005},
	abstract = {This paper presents an efficient approach to machine condition monitoring and health diagnosis, based on the Discrete Harmonic Wavelet Packet Transform (DHWPT). Specifically, vibration signals measured from a bearing test bed were decomposed into a number of frequency sub-bands, and key features associated with each sub-band were selected, based on the Fisher linear discriminant criterion. The key features were then used as inputs to a neural network classifiers for assessing the system's health status. Comparing to the conventional approach where statistical parameters from raw vibration signals are used, the presented approach enables higher signal-to-noise ratios and consequently, more effective and intelligent use of the available sensor information, leading to more accurate system health evaluation.},
	language = {en},
	number = {4-5},
	urldate = {2019-02-06},
	journal = {Robotics and Computer-Integrated Manufacturing},
	author = {Yan, Ruqiang and Gao, Robert X.},
	month = aug,
	year = {2005},
	pages = {291--301}
}

@article{yan_hilberthuang_2006,
	title = {Hilbert–{Huang} {Transform}-{Based} {Vibration} {Signal} {Analysis} for {Machine} {Health} {Monitoring}},
	volume = {55},
	issn = {0018-9456},
	url = {http://ieeexplore.ieee.org/document/4014733/},
	doi = {10.1109/TIM.2006.887042},
	abstract = {This paper presents a signal analysis technique for machine health monitoring based on the Hilbert-Huang Transform (HHT). The HHT represents a time-dependent series in a two-dimensional (2-D) time-frequency domain by extracting instantaneous frequency components within the signal through an Empirical Mode Decomposition (EMD) process. The analytical background of the HHT is introduced, based on a synthetic analytic signal, and its effectiveness is experimentally evaluated using vibration signals measured on a test bearing. The results demonstrate that HHT is suited for capturing transient events in dynamic systems such as the propagation of structural defects in a rolling bearing, thus providing a viable signal processing tool for machine health monitoring.},
	language = {en},
	number = {6},
	urldate = {2019-02-06},
	journal = {IEEE Transactions on Instrumentation and Measurement},
	author = {Yan, Ruqiang and Gao, Robert X.},
	month = dec,
	year = {2006},
	pages = {2320--2329},
	file = {Yan and Gao - 2006 - Hilbert–Huang Transform-Based Vibration Signal Ana.pdf:/home/patrik/Zotero/storage/2DSCWUUU/Yan and Gao - 2006 - Hilbert–Huang Transform-Based Vibration Signal Ana.pdf:application/pdf}
}

@article{goel_methodical_nodate,
	title = {A {Methodical} {Review} of {Condition} {Monitoring} {Techniques} for {Electrical} {Equipment}},
	abstract = {Condition monitoring has a great potential for enhancement in the reliability of operation, machine up-time, reduction in consequential damage and improving operational efficiency at lower operational cost. In electrical equipment incipient faults are often characterized by variations in temperature, vibro-acoustic signature, etc. Different condition monitoring techniques use dedicated sensing and data analysis tools to analyze particular type of variation in operational characteristics. Research in this domain is primarily focused on specific use of a sensing technology. However, this work is aimed to act as a guide for an industrial or academic user to choose the right technique for condition based maintenance of their equipment and to present a comprehensive review of prevalent condition monitoring technologies, i.e. Vibration signal analysis, Acoustic emission testing, Ultrasound condition monitoring, Infrared thermography and lubrication oil analysis. A detailed review of condition monitoring techniques which can be used to detect a particular type of fault is presented with an aim to identify the most suitable technique for fault diagnosis.},
	language = {en},
	author = {Goel, Sudhanshu and Ghosh, Ripul and Kumar, Satish and Akula, Aparna},
	pages = {8},
	file = {Goel et al. - A Methodical Review of Condition Monitoring Techni.pdf:/home/patrik/Zotero/storage/4EKRYY95/Goel et al. - A Methodical Review of Condition Monitoring Techni.pdf:application/pdf}
}

@book{bucher_computational_2009,
	address = {Boca Raton [Fla.] ; London},
	series = {Structures and infrastructures series},
	title = {Computational analysis of randomness in structural mechanics},
	isbn = {978-0-415-40354-2 978-0-203-87653-4},
	number = {v. 3},
	publisher = {CRC Press},
	author = {Bucher, Christian},
	year = {2009},
	note = {OCLC: ocn259265442},
	keywords = {Data processing, Stochastic analysis, Structural analysis (Engineering)}
}

@book{viertl_einfuhrung_1997,
	address = {Wien},
	edition = {2., überarb. Aufl},
	series = {Springer-{Lehrbuch} {Mathematik}},
	title = {Einführung in die {Stochastik}: mit {Elementen} der {Bayes}-{Statistik} und {Ansätzen} für die {Analyse} unscharfer {Daten}},
	isbn = {978-3-211-83027-7},
	shorttitle = {Einführung in die {Stochastik}},
	language = {ger},
	publisher = {Springer},
	author = {Viertl, Reinhard Karl Wolfgang},
	year = {1997},
	note = {OCLC: 845015593},
	file = {Table of Contents PDF:/home/patrik/Zotero/storage/4D4EI9NG/Viertl - 1997 - Einführung in die Stochastik mit Elementen der Ba.pdf:application/pdf}
}

@book{kottegoda_applied_2008,
	address = {Oxford, UK ; [Malden, MA]},
	edition = {2nd ed},
	title = {Applied statistics for civil and environmental engineers},
	isbn = {978-1-4051-7917-1},
	publisher = {Blackwell Pub},
	author = {Kottegoda, N. T. and Rosso, Renzo and Kottegoda, N. T.},
	year = {2008},
	keywords = {Civil engineering, Environmental engineering, Probabilities, Statistical methods}
}

@article{goel_methodical_nodate-1,
	title = {A {Methodical} {Review} of {Condition} {Monitoring} {Techniques} for {Electrical} {Equipment}},
	abstract = {Condition monitoring has a great potential for enhancement in the reliability of operation, machine up-time, reduction in consequential damage and improving operational efficiency at lower operational cost. In electrical equipment incipient faults are often characterized by variations in temperature, vibro-acoustic signature, etc. Different condition monitoring techniques use dedicated sensing and data analysis tools to analyze particular type of variation in operational characteristics. Research in this domain is primarily focused on specific use of a sensing technology. However, this work is aimed to act as a guide for an industrial or academic user to choose the right technique for condition based maintenance of their equipment and to present a comprehensive review of prevalent condition monitoring technologies, i.e. Vibration signal analysis, Acoustic emission testing, Ultrasound condition monitoring, Infrared thermography and lubrication oil analysis. A detailed review of condition monitoring techniques which can be used to detect a particular type of fault is presented with an aim to identify the most suitable technique for fault diagnosis.},
	language = {en},
	author = {Goel, Sudhanshu and Ghosh, Ripul and Kumar, Satish and Akula, Aparna},
	pages = {8},
	file = {Goel et al. - A Methodical Review of Condition Monitoring Techni.pdf:/home/patrik/Zotero/storage/IESHMM9L/Goel et al. - A Methodical Review of Condition Monitoring Techni.pdf:application/pdf}
}

@misc{noauthor_notitle_nodate-2
}

@inproceedings{pai_scanning_2001,
	title = {Scanning {Physical} {Interaction} {Behavior} of {3D} {Objects}},
	abstract = {(a) Real toy tiger. By design, it is soft to touch and exhibits significant deformation behavior. (b) Deformable model of tiger scanned by our system, with haptic interaction. We describe a system for constructing computer models of several aspects of physical interaction behavior, by scanning the response of real objects. The behaviors we can successfully scan and model include deformation response, contact textures for interaction with force-feedback, and contact sounds. The system we describe uses a highly automated robotic facility that can scan behavior models of whole objects. We provide a comprehensive view of the modeling process, including selection of model structure, measurement, estimation, and rendering at interactive rates. The results are demonstrated with two examples: a soft stuffed toy which has significant deformation behavior, and a hard clay pot which has significant contact textures and sounds. The results described here make it possible to quickly construct physical interaction models of objects for applications in games, animation, and e-commerce.},
	booktitle = {In {Computer} {Graphics} ({ACM} {SIGGRAPH} 01 {Conference} {Proceedings}},
	author = {Pai, Dinesh K. and Doel, Kees Van Den and James, Doug L. and Lang, Jochen and Lloyd, John E. and Richmond, Joshua L. and Yau, Som H.},
	year = {2001},
	pages = {87--96},
	file = {Citeseer - Snapshot:/home/patrik/Zotero/storage/VJA7VX8Q/summary.html:text/html;Citeseer - Full Text PDF:/home/patrik/Zotero/storage/WP22I4YS/Pai et al. - 2001 - Scanning Physical Interaction Behavior of 3D Objec.pdf:application/pdf}
}

@article{holters_department_2011,
	title = {Department of {Signal} {Processing} and {Communications} {Helmut} {Schmidt} {University} {Hamburg}, {Germany}},
	abstract = {The nodal DK method is a systematic way to derive a non-linear state-space system as a physical model for an electrical circuit. Unfortunately, calculating the system coefﬁcients requires inversion of a relatively large matrix. This becomes a problem when the system changes over time, requiring continuous recomputation of the coefﬁcients. In this paper, we present an extension of the DK method to more efﬁciently handle variable circuit elements. The method is exempliﬁed with the Dunlop Crybaby wah-wah effect pedal, as the continuous change of the potentiometer position is an extremely important aspect of the wah-wah effect.},
	language = {en},
	author = {Holters, Martin and Zölzer, Udo},
	year = {2011},
	pages = {5},
	file = {Holters and Zölzer - 2011 - Department of Signal Processing and Communications.pdf:/home/patrik/Zotero/storage/53PZVBSH/Holters and Zölzer - 2011 - Department of Signal Processing and Communications.pdf:application/pdf}
}

@misc{noauthor_notitle_nodate-3
}

@misc{noauthor_digital_nodate-1,
	title = {Digital {Waveguide} {Networks} for {Room} {Response} {Modeling} and {Synthesis}},
	url = {http://users.spa.aalto.fi/mak/PUB/AES13110.pdf}
}

@article{antonacci_real_2004,
	title = {Real {Time} {Modeling} of {Acoustic} {Propagation} in {Complex} {Environments}},
	abstract = {In order to achieve high-quality audio-realistic rendering in complex environments, we need to determine all the acoustic paths that go from sources to receivers, due to specular reﬂections as well as diffraction phenomena. In this paper we propose a novel method for computing and auralizing the reﬂected as well as the diffracted ﬁeld in 2.5D environments. The method is based on a preliminary geometric analysis of the mutual visibility of the environment reﬂectors. This allows us to compute on the ﬂy all possible acoustic paths, as the information on sources and receivers becomes available. The construction of a beam tree, in fact, is here performed through a look-up of visibility information and the determination of acoustic paths is based on a lookup on the computed beam tree. We also show how to model diffraction using the same beam tree structure used for modeling reﬂection and transmission.},
	language = {en},
	author = {Antonacci, Fabio and Foco, Marco and Sarti, Augusto and Tubaro, Stefano},
	year = {2004},
	pages = {6},
	file = {Antonacci et al. - 2004 - Real Time Modeling of Acoustic Propagation in Comp.pdf:/home/patrik/Zotero/storage/PHPHIZ8P/Antonacci et al. - 2004 - Real Time Modeling of Acoustic Propagation in Comp.pdf:application/pdf}
}

@misc{noauthor_low-cost_nodate,
	title = {{LOW}-{COST} {GEOMETRY}-{BASED} {ACOUSTIC} {RENDERING}},
	url = {http://home.deib.polimi.it/sarti/Augusto_Sarti/CV_and_publications_files/2001_DAFx_geometry-based_acoustic_rendering.pdf}
}

@misc{noauthor_intelligent_nodate,
	title = {Intelligent {Multitrack} {Dynamic} {Range} {Compression}},
	url = {http://www.aes.org/tmpFiles/elib/20171230/17821.pdf},
	urldate = {2017-12-30},
	file = {17821.pdf:/home/patrik/Zotero/storage/F9QHG22V/17821.pdf:application/pdf}
}

@misc{noauthor_deep_nodate,
	title = {Deep {Neural} {Networks} for {Dynamic} {Range} {Compression} in {Mastering} {Applications}},
	url = {http://www.aes.org/tmpFiles/elib/20171230/18237.pdf},
	urldate = {2017-12-30},
	file = {18237.pdf:/home/patrik/Zotero/storage/SS5KJKAH/18237.pdf:application/pdf}
}

@misc{noauthor_ten_nodate,
	title = {{TEN} {YEARS} {OF} {AUTOMATIC} {MIXING}},
	url = {http://www.brechtdeman.com/publications/pdf/WIMP3.pdf},
	urldate = {2017-12-30},
	file = {WIMP3.pdf:/home/patrik/Zotero/storage/D86G4J36/WIMP3.pdf:application/pdf}
}

@misc{noauthor_evaluation_nodate,
	title = {Evaluation of {Dynamics} {Processors}’ {Effects} {Using} {Signal} {Statistics}},
	url = {http://www.aes.org/tmpFiles/elib/20171230/16988.pdf},
	urldate = {2017-12-30},
	file = {16988.pdf:/home/patrik/Zotero/storage/TX8W85Q3/16988.pdf:application/pdf}
}

@misc{noauthor_statistical_nodate,
	title = {A {STATISTICAL} {APPROACH} {TO} {AUTOMATED} {OFFLINE} {DYNAMIC} {PROCESSING} {IN} {THE} {AUDIO} {MASTERING} {PROCESS}},
	url = {http://www.dafx14.fau.de/papers/dafx14_marcel_hilsamer_a_statistical_approach_to.pdf},
	urldate = {2017-12-30},
	file = {dafx14_marcel_hilsamer_a_statistical_approach_to.pdf:/home/patrik/Zotero/storage/FAQ694B6/dafx14_marcel_hilsamer_a_statistical_approach_to.pdf:application/pdf}
}

@misc{noauthor_evaluation_nodate-1,
	title = {An {Evaluation} of {Audio} {Feature} {Extraction} {Toolboxes}},
	url = {https://www.ntnu.edu/documents/1001201110/1266017954/DAFx-15_submission_43_v2.pdf/06508f48-9272-41c8-9381-7639a0240770},
	urldate = {2017-12-30},
	file = {06508f48-9272-41c8-9381-7639a0240770.pdf:/home/patrik/Zotero/storage/WEXJYTJF/06508f48-9272-41c8-9381-7639a0240770.pdf:application/pdf}
}

@book{smith_physical_2011,
	address = {Lexington},
	title = {Physical audio signal processing: for virtual musical instruments and audio effects},
	isbn = {978-0-9745607-2-4},
	shorttitle = {Physical audio signal processing},
	language = {English},
	publisher = {W3K Publishing},
	author = {Smith, Julius Orion},
	year = {2011},
	note = {OCLC: 774174525}
}

@book{bilbao_numerical_2009-1,
	address = {Chichester},
	title = {Numerical sound synthesis: finite difference schemes and simulation in musical acoustics},
	isbn = {978-0-470-51046-9},
	shorttitle = {Numerical sound synthesis},
	publisher = {Wiley},
	author = {Bilbao, Stefan D.},
	year = {2009},
	note = {OCLC: ocn319497904},
	keywords = {Computer simulation, Finite differences, Mathematical models, Musical instruments}
}

@book{zolzer_dafx:_2011,
	address = {Chichester},
	edition = {Second edition},
	title = {{DAFX}: digital audio effects},
	isbn = {978-1-119-99130-4 978-0-470-66599-2 978-1-119-99129-8 978-0-470-97967-9},
	shorttitle = {{DAFX}},
	abstract = {"This book investigates digital signal processing, its application to sound, and how its effects on sound can be used within music. The first edition developed in association with the annual International Conference on Digital Audio Effects, and this book have been critical in the advancement of the field, both in research and industry. Rapid development in different fields of Digital Audio Effects has led to new algorithms, and this new edition will combine these with improved presentation of the basic concepts and discussion of the related technology. It will cover filters and delays, modulators and demodulators, nonlinear processing, spatial effects, time-segment processing, time-frequency processing, source-filter processing, spectral processing, time and frequency warping musical signals, as well as completely new chapters on the recent developments in virtual analog effects, automatic mixing, and sound source separation. Each effect description will begin with a presentation of the physical and acoustical phenomena, followed by an explanation of the signal processing techniques to achieve the effect, and some musical applications and the control of effect parameters"--},
	language = {eng},
	publisher = {Wiley},
	editor = {Zölzer, Udo},
	year = {2011},
	note = {OCLC: 729989097},
	file = {Table of Contents PDF:/home/patrik/Zotero/storage/ZR2DJS5T/Zölzer - 2011 - DAFX digital audio effects.pdf:application/pdf}
}

@book{noauthor_notitle_nodate-4
}

@misc{noauthor_linux_nodate,
	title = {linux installation instructions for standalone},
	url = {https://forums.zotero.org/discussion/63880/linux-installation-instructions-for-standalone},
	abstract = {Zotero is a powerful, easy-to-use research tool that helps you gather, organize, and analyze sources and then share the results of your research., When zotero 5 comes out soon, a flood of Linux users will presumably be switching from zotero firefox to zotero standalone.},
	urldate = {2017-12-13},
	journal = {Zotero Forums},
	file = {Snapshot:/home/patrik/Zotero/storage/HHVLQL6Z/linux-installation-instructions-for-standalone.html:text/html}
}

@misc{noauthor_notitle_nodate-5,
	url = {file:///root/Projects/FAUST/compressor/ppefDev-svg/process.svg},
	urldate = {2017-11-05},
	file = {:/home/patrik/Zotero/storage/SMIIXJ6Q/process.svg:image/svg+xml}
}

@misc{noauthor_jupyterlab_nodate,
	title = {{JupyterLab} {Alpha} {Preview}},
	url = {http://127.0.0.1:12345/lab},
	urldate = {2017-10-08},
	file = {JupyterLab Alpha Preview:/home/patrik/Zotero/storage/5JSSGMMS/lab.html:text/html}
}

@misc{noauthor_title_nodate,
	title = {Title},
	url = {file:///tmp/mozilla_root0/Title.html},
	urldate = {2017-06-30},
	file = {Title:/home/patrik/Zotero/storage/VVQGZDS4/Title.html:text/html}
}

@misc{massberg_investigation_2009,
	title = {Investigation in {Dynamic} {Range} {Compression}},
	url = {http://c4dm.eecs.qmul.ac.uk/audioengineering/compressors/documents/report.pdf},
	urldate = {2016-10-05},
	author = {Massberg, Michael},
	year = {2009},
	file = {Microsoft Word - report.doc - report.pdf:/home/patrik/Zotero/storage/QVHD8CWG/report.pdf:application/pdf}
}

@book{smith_physical_2010-1,
	title = {{PHYSICAL} {AUDIO} {SIGNAL} {PROCESSING} {FOR} {VIRTUAL} {MUSICAL} {INSTRUMENTS} {AND} {AUDIO} {EFFECTS}},
	url = {https://ccrma.stanford.edu/ jos/pasp/},
	urldate = {2014-07-30},
	author = {Smith, Julius O.},
	year = {2010}
}

@book{smith_mathematics_2007-1,
	title = {Mathematics of the {Discrete} {Fourier} {Transform} ({DFT})},
	url = {http://ccrma.stanford.edu/ jos/mdft/},
	urldate = {2014-08-09},
	author = {Smith, Julius O.},
	year = {2007}
}

@book{frey_signal-_2009-1,
	address = {Wiesbaden},
	title = {Signal- und {Systemtheorie}: mit 26 {Tabellen}, 64 {Aufgaben} mit {Lösungen} und 84 {Beispielen}},
	isbn = {978-3-8348-9292-8 3-8348-9292-0 978-3-8351-0249-1 3-8351-0249-4},
	shorttitle = {Signal- und {Systemtheorie}},
	url = {http://dx.doi.org/10.1007/978-3-8348-9292-8},
	language = {German},
	urldate = {2014-08-09},
	publisher = {Vieweg+Teubner Verlag / GWV Fachverlage GmbH, Wiesbaden},
	author = {Frey, Bossert, Martin, Thomas},
	year = {2009}
}

@inproceedings{schroeder_natural_1961-1,
	title = {Natural {Sounding} {Artificial} {Reverberation}},
	url = {http://www.aes.org/e-lib/browse.cfm?elib=343},
	booktitle = {Audio {Engineering} {Society} {Convention} 13},
	author = {Schroeder, Manfred R.},
	month = oct,
	year = {1961}
}

@book{noauthor_flohberger_report.pdf_nodate-1,
	title = {flohberger\_report.pdf},
	url = {https://www2.spsc.tugraz.at/www-archive/AdvancedSignalProcessing/SpeechSynthesis.new/flohberger_report.pdf},
	urldate = {2014-08-01}
}

@article{scholkmann_efficient_2012-1,
	title = {An {Efficient} {Algorithm} for {Automatic} {Peak} {Detection} in {Noisy} {Periodic} and {Quasi}-{Periodic} {Signals}},
	volume = {5},
	issn = {1999-4893},
	url = {http://www.mdpi.com/1999-4893/5/4/588/},
	doi = {10.3390/a5040588},
	language = {en},
	number = {4},
	urldate = {2014-07-31},
	journal = {Algorithms},
	author = {Scholkmann, Felix and Boss, Jens and Wolf, Martin},
	month = nov,
	year = {2012},
	pages = {588--603}
}

@book{cook_real_2002-1,
	address = {Natick, Mass},
	title = {Real sound synthesis for interactive applications},
	isbn = {1-56881-168-3},
	publisher = {A K Peters},
	author = {Cook, Perry R.},
	year = {2002},
	keywords = {Computer sound processing, Recording and reproducing Digital techniques, Sound, Interactive multimedia}
}

@book{noauthor_physically_2009-1,
	title = {Physically {Based} {Sound} {Synthesis} for {Interactive} {Applications} - {Cahill}.pdf},
	url = {https://www.scss.tcd.ie/postgraduate/msciet/current/Dissertations/0809/pdfs/Cahill.pdf},
	urldate = {2014-06-19},
	year = {2009}
}

@article{khoury_3d_nodate-1,
	title = {A {3D} {Graphical} {User} {Interface} for {Resonance} {Modeling}},
	url = {http://www.researchgate.net/publication/228415135_A_3D_Graphical_User_Interface_for_Resonance_Modeling/file/50463521ccc5b55ba5.pdf},
	urldate = {2014-08-03},
	author = {Khoury, Amar Chaudhary Adrian Freed Sami and Wessel, David}
}

@book{noauthor_notitle_nodate-6,
	url = {http://www.google.at/url?sa=t&rct=j&q=&esrc=s&source=web&cd=6&ved=0CEoQFjAF&url=http%3A%2F%2Fwww.researchgate.net%2Fpublication%2F233735046_An_Efficient_Algorithm_for_Automatic_Peak_Detection_in_Noisy_Periodic_and_Quasi-Periodic_Signals%2Flinks%2F09e4150ae82a36a70e000000&ei=c47aU7nOBJOy7AbnkIDoAg&usg=AFQjCNFk8MElNCy-JqdB-LT5iv8VUh_P-A&bvm=bv.72185853,d.ZGU},
	urldate = {2014-07-31}
}

@book{farnell_designing_2010-3,
	address = {Cambridge, Mass},
	title = {Designing sound},
	isbn = {978-0-262-01441-0},
	publisher = {MIT Press},
	author = {Farnell, Andy},
	year = {2010},
	keywords = {Animated films, Computer sound processing, Motion pictures, Recording and reproducing Digital techniques, Sound, Sound effects, Sounds, Video games}
}

@inproceedings{chaudhary_3-d_1998-1,
	title = {A 3-{D} graphical user interface for resonance modeling},
	booktitle = {Proceedings of the {International} {Computer} {Music} {Conference}, {Ann} {Arbor}},
	author = {Chaudhary, Amar and Freed, Adrian and Khoury, Sami and Wessel, David},
	year = {1998}
}

@book{doel_sounds_1996,
	title = {The {Sounds} of {Physical} {Shapes}},
	url = {http://www.cs.ubc.ca/ kvdoel/publications/sound-shapes.pdf},
	urldate = {2014-05-24},
	author = {Doel, van den and Dinesh, K. Pai and {Kees}},
	year = {1996}
}

@misc{smith_introduction_2007,
	title = {Introduction to {Digital} {Filters} with {Audio} {Applications}},
	url = {http://ccrma.stanford.edu/~jos/filters/},
	urldate = {2017-01-17},
	author = {Smith, Julius O.},
	year = {2007}
}

@book{farnell_designing_2010-4,
	address = {Cambridge, Mass},
	title = {Designing sound},
	isbn = {978-0-262-01441-0},
	publisher = {MIT Press},
	author = {Farnell, Andy},
	year = {2010},
	note = {OCLC: ocn494275436},
	keywords = {Animated films, Computer sound processing, Motion pictures, Recording and reproducing Digital techniques, Sound, Sound effects, Sounds, Video games}
}

@misc{miller_puckette_theory_2006,
	title = {The {Theory} and {Technique} of {Electronic} {Music}},
	url = {http://msp.ucsd.edu/techniques/v0.11/book.ps},
	urldate = {2017-01-17},
	author = {{Miller Puckette}},
	year = {2006},
	file = {book.ps:/home/patrik/Zotero/storage/CMAKIG8P/book.ps:application/postscript}
}

@misc{noauthor_smc-2017_nodate,
	title = {{SMC}-2017 — {Espoo}, {Finland}},
	url = {http://smc2017.aalto.fi/papers.html},
	urldate = {2017-01-15},
	file = {SMC-2017 — Espoo, Finland:/home/patrik/Zotero/storage/U56XKP2T/papers.html:text/html}
}

@misc{noauthor_aes_nodate,
	title = {{AES} {Berlin} 2017 » 142nd {Convention} {Call} for {Papers} and {Engineering} {Briefs}},
	url = {http://www.aes.org/events/142/authors/cfp/},
	urldate = {2017-01-13},
	file = {AES Berlin 2017 » 142nd Convention Call for Papers and Engineering Briefs:/home/patrik/Zotero/storage/I2853RS5/cfp.html:text/html}
}

@misc{noauthor_submit_nodate,
	title = {Submit a {Paper} to the {AES} {Journal}},
	url = {http://www.aes.org/journal/submit/},
	urldate = {2017-01-13},
	file = {Submit a Paper to the AES Journal:/home/patrik/Zotero/storage/VDZ6FQN2/submit.html:text/html}
}

@misc{noauthor_dafx17_nodate,
	title = {{DAFx17} {\textbar} {Edinburgh}},
	url = {http://www.dafx17.eca.ed.ac.uk/},
	urldate = {2017-01-13},
	file = {DAFx17 | Edinburgh:/home/patrik/Zotero/storage/2SQQ29VE/www.dafx17.eca.ed.ac.uk.html:text/html}
}

@misc{noauthor_celexon_nodate,
	title = {celexon {\textbar} {Mobil} {Expert}, {Rückprojektion}},
	url = {http://de.celexon.com/Mobile-Leinwaende/Faltrahmenleinwaende/Mobil-Expert-Rueckprojektion.html},
	urldate = {2017-01-09},
	file = {celexon | Mobil Expert, Rückprojektion:/home/patrik/Zotero/storage/WI4QBK7B/Mobil-Expert-Rueckprojektion.html:text/html}
}

@misc{noauthor_rolloleinwand_nodate,
	title = {Rolloleinwand {Rückprojektion} 240 x 200 {Leinwände} {Rolloleinwände} {Rückpro} {Rolloleinwände}},
	url = {https://www.alphavision.de/leinwaende/spezialleinwaende-fuer-rueckprojektion/rueckpro-rolloleinwaende/rolloleinwand-rueckprojektion-240-x-200/a-130/},
	urldate = {2017-01-09},
	file = {Rolloleinwand Rückprojektion 240 x 200 Leinwände Rolloleinwände Rückpro Rolloleinwände:/home/patrik/Zotero/storage/4AJMQJXG/a-130.html:text/html}
}

@misc{noauthor_projektionsleinwande_nodate,
	title = {Projektionsleinwände für {Projektoren} - {Thomann} Österreich},
	url = {https://www.thomann.de/at/projektionsleinwaende.html?filter=true&feature-7006%5B0%5D=Rahmenleinwand&feature-9497%5B0%5D=R%C3%BCckprojektion},
	urldate = {2017-01-09},
	file = {Projektionsleinwände für Projektoren - Thomann Österreich:/home/patrik/Zotero/storage/H3E6ZURV/projektionsleinwaende.html:text/html}
}

@misc{noauthor_projektionsfolie_nodate,
	title = {Projektionsfolie {Neve} {\textbar} {Tüchler} Österreich},
	url = {https://www.tuchler.net/at/projektionsfolien/meterware/projektionsfolie-neve.html#},
	urldate = {2017-01-09},
	file = {Projektionsfolie Neve | Tüchler Österreich:/home/patrik/Zotero/storage/XGP2NMSV/projektionsfolie-neve.html:text/html}
}

@misc{noauthor_ruckprojektionsfolie_nodate,
	title = {Rückprojektionsfolie {OPTILUX} - {Rückprojektionsfolien} - {Projektionsfolien} - {Screens} - {Produkte} \& {Shop} - {Gerriets}},
	url = {https://www.gerriets.com/at/produkte/screens/projektionsfolien/rueckprojektionsfolien/optilux-rueckprojektionsfolie},
	urldate = {2017-01-09},
	file = {Rückprojektionsfolie OPTILUX - Rückprojektionsfolien - Projektionsfolien - Screens - Produkte & Shop - Gerriets:/home/patrik/Zotero/storage/TTP7WHCE/optilux-rueckprojektionsfolie.html:text/html}
}

@inproceedings{caetano_improved_2011,
	title = {Improved estimation of the amplitude envelope of time-domain signals using true envelope cepstral smoothing},
	url = {http://ieeexplore.ieee.org/xpls/abs_all.jsp?arnumber=5947290},
	urldate = {2016-12-29},
	booktitle = {2011 {IEEE} {International} {Conference} on {Acoustics}, {Speech} and {Signal} {Processing} ({ICASSP})},
	publisher = {IEEE},
	author = {Caetano, Marcelo and Rodet, Xavier},
	year = {2011},
	pages = {4244--4247},
	file = {Author Guidelines for 8 - document:/home/patrik/Zotero/storage/MX7U3XNF/document.pdf:application/pdf}
}

@misc{geoffroy_peeters_large_2004,
	title = {A {Large} {Set} of {Audio} {Features} for {Sound} {Description}},
	url = {http://recherche.ircam.fr/anasyn/peeters/ARTICLES/Peeters_2003_cuidadoaudiofeatures.pdf},
	urldate = {2016-12-29},
	author = {{Geoffroy Peeters}},
	year = {2004},
	file = {Peeters_2003_cuidadoaudiofeatures.pdf:/home/patrik/Zotero/storage/2SUAWQ88/Peeters_2003_cuidadoaudiofeatures.pdf:application/pdf}
}

@misc{joseph_timoney_implementing_2004,
	title = {Implementing {Loudness} {Models} in {MATLAB}},
	url = {http://eprints.maynoothuniversity.ie/4141/2/Dafx_2004_loud.pdf},
	urldate = {2016-12-29},
	author = {{Joseph Timoney} and {Thomas Lysaght} and {Marc Schoenwiesner} and {Lorcan Mac Manus}},
	year = {2004},
	file = {Implementing Loudness Models in MATLAB - Dafx_2004_loud.pdf:/home/patrik/Zotero/storage/4NXVVCEA/Dafx_2004_loud.pdf:application/pdf}
}

@misc{ebu_ebu_2014,
	title = {{EBU} {R128}, {LOUDNESS} {NORMALISATION}  {AND} {PERMITTED} {MAXIMUM} {LEVEL} {OF} {AUDIO} {SIGNALS}},
	shorttitle = {{EBU} {R128}},
	url = {https://tech.ebu.ch/docs/r/r128-2014.pdf},
	urldate = {2016-11-26},
	author = {{EBU}},
	year = {2014},
	file = {r128-2014.pdf - r128-2014.pdf:/home/patrik/Zotero/storage/4QDJD743/r128-2014.pdf:application/pdf}
}

@misc{ebu_loudness_2016,
	title = {Loudness {Range}: {A} measure to {Supplement} {EBU} {R} 128 {Loudness} {Normalization}},
	url = {https://tech.ebu.ch/docs/tech/tech3342.pdf},
	urldate = {2016-12-24},
	author = {{EBU}},
	year = {2016},
	file = {tech3342.pdf - tech3342.pdf:/home/patrik/Zotero/storage/9X6QRZ4U/tech3342.pdf:application/pdf}
}

@misc{ebu_ebu_2016,
	title = {{EBU} {TECH} 3342},
	url = {https://tech.ebu.ch/docs/tech/tech3342.pdf},
	urldate = {2016-12-29},
	author = {{EBU}},
	year = {2016},
	file = {tech3342.pdf - tech3342.pdf:/home/patrik/Zotero/storage/42RUEU3T/tech3342.pdf:application/pdf}
}

@misc{noauthor_loudness_nodate,
	title = {Loudness {Explained} {\textbar} {TC} {Electronic}},
	url = {http://www.tcelectronic.com/de/loudness/loudness-explained/},
	urldate = {2016-12-28},
	file = {Snapshot:/home/patrik/Zotero/storage/HKSC3NHS/loudness-explained.html:text/html}
}

@misc{tc-electronic_loudness_2016,
	title = {Loudness {Explained} {\textbar} {TC} {Electronic}},
	url = {http://www.tcelectronic.com/de/loudness/loudness-explained/},
	urldate = {2016-12-28},
	author = {{tc-electronic}},
	year = {2016},
	file = {Snapshot:/home/patrik/Zotero/storage/C4R4IGZU/loudness-explained.html:text/html}
}

@misc{gorlow_model-based_2013,
	title = {Model-{Based} {Inversion} of {Dynamic} {Range} {Compression}},
	url = {https://hal.archives-ouvertes.fr/hal-00728059v1/document},
	urldate = {2016-12-28},
	author = {Gorlow, Stanislaw and Reiss, Joshua},
	year = {2013},
	file = {Model-Based Inversion of Dynamic Range Compression - document:/home/patrik/Zotero/storage/HXTM4S43/document.pdf:application/pdf}
}

@inproceedings{gorlow_restoring_2014,
	title = {Restoring the dynamics of clipped audio material by inversion of dynamic range compression},
	url = {http://ieeexplore.ieee.org/xpls/abs_all.jsp?arnumber=6873575},
	urldate = {2016-12-28},
	booktitle = {2014 {IEEE} {International} {Symposium} on {Broadband} {Multimedia} {Systems} and {Broadcasting}},
	publisher = {IEEE},
	author = {Gorlow, Stanislaw and Reiss, Joshua D. and Duru, Elodie},
	year = {2014},
	pages = {1--5},
	file = {() - document:/home/patrik/Zotero/storage/2CQCKDZ5/document.pdf:application/pdf}
}

@book{zolzer_dafx:_2002,
	address = {Chichester ; New York, N.Y},
	title = {{DAFX}: digital audio effects},
	isbn = {978-0-471-49078-4},
	shorttitle = {{DAFX}},
	publisher = {Wiley},
	editor = {Zölzer, Udo and Amatriain, Xavier},
	year = {2002},
	note = {OCLC: ocm49549813},
	keywords = {Computer sound processing, Recording and reproducing Digital techniques, Sound, Digital techniques, Signal processing},
	file = {dafx_book.pdf:/home/patrik/Zotero/storage/UKI5XWZK/dafx_book.pdf:application/pdf}
}

@misc{noauthor_dafx_book.pdf_nodate,
	title = {dafx\_book.pdf},
	url = {http://www.music.mcgill.ca/~ich/classes/dafx_book.pdf},
	urldate = {2016-12-27}
}

@article{itu_algorithms_2011,
	title = {Algorithms to measure audio programme loudness and true-peak audio level},
	url = {https://www.itu.int/dms_pubrec/itu-r/rec/bs/R-REC-BS.1770-4-201510-I!!PDF-E.pdf},
	urldate = {2016-12-24},
	author = {{ITU}},
	year = {2011},
	file = {RECOMMENDATION ITU-R BS.1770-3* - Algorithms to measure audio programme loudness and true-peak audio level - R-REC-BS.1770-4-201510-I!!PDF-E.pdf:/home/patrik/Zotero/storage/PTRUEBPA/R-REC-BS.1770-4-201510-I!!PDF-E.pdf:application/pdf}
}

@misc{julius_o._smith_introduction_2007,
	title = {Introduction to {Digital} {Filters} with {Audio} {Applications}},
	url = {http://www.w3k.org/books/},
	urldate = {2016-12-18},
	author = {{Julius O. Smith}},
	year = {2007},
	file = {Time Constant of One Pole:/home/patrik/Zotero/storage/D4ZXDANG/Time_Constant_One_Pole.html:text/html}
}

@inproceedings{vickers_automatic_2001-1,
	title = {Automatic long-term loudness and dynamics matching},
	url = {http://www.aes.org/e-lib/browse.cfm?elib=9888},
	urldate = {2016-12-09},
	booktitle = {Audio {Engineering} {Society} {Convention} 111},
	publisher = {Audio Engineering Society},
	author = {Vickers, Earl},
	year = {2001},
	file = {Microsoft Word - AES_Loudness_Paper_reformatted.doc - LoudnessAndDynamicsMatching.pdf:/home/patrik/Zotero/storage/P2FVWM6R/LoudnessAndDynamicsMatching.pdf:application/pdf}
}

@inproceedings{maddams_autonomous_2012,
	title = {An autonomous method for multi-track dynamic range compression},
	url = {http://www.eecs.qmul.ac.uk/~josh/documents/MaddamsFinnReiss-AutonomousMultiTrackDynamicRangeCompression-DAFX12.pdf},
	urldate = {2016-12-09},
	booktitle = {Proceedings of the 15th {International} {Conference} on {Digital} {Audio} {Effects} ({DAFx}-12)},
	author = {Maddams, Jacob A. and Finn, Saoirse and Reiss, Joshua D.},
	year = {2012},
	file = {Microsoft Word - JM_DAFX2012_Revised.rtf - dafx12_submission_6.pdf:/home/patrik/Zotero/storage/VI8BA5I3/dafx12_submission_6.pdf:application/pdf}
}

@inproceedings{lund_control_2006,
	title = {Control of {Loudness} in {Digital} {TV}},
	url = {http://cdn-downloads.tcelectronic.com/media/1018259/lund_2006_loudness_nab2006.pdf},
	urldate = {2016-12-09},
	booktitle = {Proc. of the {NAB}-2006 {Convention}},
	author = {Lund, Thomas},
	year = {2006},
	file = {Microsoft Word - Table of contents.doc - lund_2006_loudness_nab2006.pdf:/home/patrik/Zotero/storage/GKHWUDEQ/lund_2006_loudness_nab2006.pdf:application/pdf}
}

@article{series_algorithms_2011,
	title = {Algorithms to measure audio programme loudness and true-peak audio level},
	url = {https://www.itu.int/dms_pubrec/itu-r/rec/bs/R-REC-BS.1770-4-201510-I!!PDF-E.pdf},
	urldate = {2016-12-09},
	author = {Series, B. S.},
	year = {2011},
	file = {RECOMMENDATION ITU-R BS.1770-3* - Algorithms to measure audio programme loudness and true-peak audio level - R-REC-BS.1770-4-201510-I!!PDF-E.pdf:/home/patrik/Zotero/storage/GVICJWRX/R-REC-BS.1770-4-201510-I!!PDF-E.pdf:application/pdf}
}

@inproceedings{behler_automatic_2010,
	title = {Automatic loudness control},
	url = {http://www.acoustics.asn.au/conference_proceedings/ICA2010/cdrom-ICA2010/papers/p960.pdf},
	urldate = {2016-12-09},
	booktitle = {Proceedings of the 20th international congress on acoustics},
	author = {Behler, Gottfried and Guski, Martin and Vorlander, M.},
	year = {2010},
	file = {Microsoft Word - V06 - ICA2010-1.docx - p960.pdf:/home/patrik/Zotero/storage/95BW72SI/p960.pdf:application/pdf}
}

@article{giannoulis_parameter_2013,
	title = {Parameter automation in a dynamic range compressor},
	volume = {61},
	url = {http://www.aes.org/e-lib/browse.cfm?elib=16965},
	number = {10},
	urldate = {2016-11-27},
	journal = {Journal of the Audio Engineering Society},
	author = {Giannoulis, Dimitrios and Massberg, Michael and Reiss, Joshua D.},
	year = {2013},
	pages = {716--726},
	file = {JAES-1126-11_HR - Giannoulis Massberg Reiss - dynamic range compression automation - JAES 2013.pdf:/home/patrik/Zotero/storage/U3WM2HZE/Giannoulis Massberg Reiss - dynamic range compression automation - JAES 2013.pdf:application/pdf}
}

@inproceedings{mansbridge_implementation_2012,
	title = {Implementation and evaluation of autonomous multi-track fader control},
	url = {http://www.aes.org/e-lib/browse.cfm?conv=132&papernum=8588},
	urldate = {2016-11-27},
	booktitle = {Audio {Engineering} {Society} {Convention} 132},
	publisher = {Audio Engineering Society},
	author = {Mansbridge, Stuart and Finn, Saoirse and Reiss, Joshua D.},
	year = {2012},
	file = {Audio Engineering Society - MansbridgeFinnReiss-AES1322012-AutoMultitrackFaders.pdf:/home/patrik/Zotero/storage/JBZTF2HW/MansbridgeFinnReiss-AES1322012-AutoMultitrackFaders.pdf:application/pdf}
}

@inproceedings{mansbridge_autonomous_2012,
	title = {An autonomous system for multitrack stereo pan positioning},
	url = {http://www.aes.org/e-lib/online/browse.cfm?elib=16478},
	urldate = {2016-11-27},
	booktitle = {Audio {Engineering} {Society} {Convention} 133},
	publisher = {Audio Engineering Society},
	author = {Mansbridge, Stuart and Finn, Saorise and Reiss, Joshua D.},
	year = {2012},
	file = {Audio Engineering Society - MansbridgeFinnReiss-AES133-Autonomoussystemformultitrackstereopositioning.pdf:/home/patrik/Zotero/storage/86RKQECR/MansbridgeFinnReiss-AES133-Autonomoussystemformultitrackstereopositioning.pdf:application/pdf}
}

@inproceedings{perez-gonzalez_automatic_2009,
	title = {Automatic equalization of multichannel audio using cross-adaptive methods},
	url = {http://www.aes.org/e-lib/browse.cfm?conv=127&papernum=7830},
	urldate = {2016-11-27},
	booktitle = {Audio {Engineering} {Society} {Convention} 127},
	publisher = {Audio Engineering Society},
	author = {Perez-Gonzalez, Enrique and Reiss, Joshua},
	year = {2009},
	file = {Auto_EQ_AES_127_5 - PerezReiss-AES1272009-AutomaticEqualisation.pdf:/home/patrik/Zotero/storage/GRIEB4RZ/PerezReiss-AES1272009-AutomaticEqualisation.pdf:application/pdf}
}

@inproceedings{gonzalez_automatic_2007,
	title = {Automatic mixing: live downmixing stereo panner},
	shorttitle = {Automatic mixing},
	url = {http://dafx.labri.fr/main/papers/p063.pdf},
	urldate = {2016-11-27},
	booktitle = {Proceedings of the 7th {International} {Conference} on {Digital} {Audio} {Effects} ({DAFx}’07)},
	author = {Gonzalez, E. Perez and Reiss, Joshua},
	year = {2007},
	pages = {63--68},
	file = {Microsoft Word - ENRIQUE_DAFX6.doc - p063.pdf:/home/patrik/Zotero/storage/B675XIB9/p063.pdf:application/pdf}
}

@inproceedings{reiss_intelligent_2011,
	title = {Intelligent systems for mixing multichannel audio},
	url = {http://ieeexplore.ieee.org/xpls/abs_all.jsp?arnumber=6004988},
	urldate = {2016-11-27},
	booktitle = {2011 17th {International} {Conference} on {Digital} {Signal} {Processing} ({DSP})},
	publisher = {IEEE},
	author = {Reiss, Joshua D.},
	year = {2011},
	pages = {1--6},
	file = {Reiss-DSP2011.pdf:/home/patrik/Zotero/storage/RHXFU8H8/Reiss-DSP2011.pdf:application/pdf}
}

@article{giannoulis_digital_2012-1,
	title = {Digital dynamic range compressor design—a tutorial and analysis},
	volume = {60},
	url = {http://www.aes.org/e-lib/browse.cfm?elib=16354},
	number = {6},
	urldate = {2016-11-26},
	journal = {Journal of the Audio Engineering Society},
	author = {Giannoulis, Dimitrios and Massberg, Michael and Reiss, Joshua D.},
	year = {2012},
	pages = {399--408},
	file = {JAES-1125-11_HR - GiannoulisMassbergReiss-dynamicrangecompression-JAES2012.pdf:/home/patrik/Zotero/storage/4ESFRKAF/GiannoulisMassbergReiss-dynamicrangecompression-JAES2012.pdf:application/pdf}
}

@misc{center_for_history_and_new_media_zotero_nodate,
	title = {Zotero {Quick} {Start} {Guide}},
	url = {http://zotero.org/support/quick_start_guide},
	author = {{Center for History and New Media}}
}

@misc{mediaktion_vilem_2012,
	title = {Vilem {Flusser} am {GDI} 1991},
	url = {https://www.youtube.com/watch?v=dAeH1S60utA},
	abstract = {Vilem Flusser Referat von 1991 
Das Gottlieb Duttweiler Institut feiert das 50 jahreige Bestehen.




Digitialisierung:
www.mediaktion.tv},
	urldate = {2016-08-11},
	author = {{mediaktion}},
	month = dec,
	year = {2012},
	keywords = {1991, 50 jähriges Jubiläum, flusser, gdi, Gottlieb Duttweiler Institut, mediaktion.tv, webformat}
}

@article{gorlow_model-based_2013-1,
	title = {Model-{Based} {Inversion} of {Dynamic} {Range} {Compression}},
	volume = {21},
	issn = {1558-7916, 1558-7924},
	url = {http://ieeexplore.ieee.org/lpdocs/epic03/wrapper.htm?arnumber=6480792},
	doi = {10.1109/TASL.2013.2253099},
	number = {7},
	urldate = {2016-04-13},
	journal = {IEEE Transactions on Audio, Speech, and Language Processing},
	author = {Gorlow, S. and Reiss, J. D.},
	month = jul,
	year = {2013},
	pages = {1434--1444},
	file = {06480792.pdf:/home/patrik/Zotero/storage/BM2RCCG6/06480792.pdf:application/pdf}
}

@inproceedings{lee_dynamic_2009,
	title = {Dynamic range compression based on statistical analysis},
	url = {http://ieeexplore.ieee.org/xpls/abs_all.jsp?arnumber=5414419},
	urldate = {2016-04-13},
	booktitle = {Image {Processing} ({ICIP}), 2009 16th {IEEE} {International} {Conference} on},
	publisher = {IEEE},
	author = {Lee, Keun-dong and Kim, Sujung and Kim, Seong-Dae},
	year = {2009},
	pages = {3157--3160},
	file = {05414419.pdf:/home/patrik/Zotero/storage/PUEZHUZN/05414419.pdf:application/pdf}
}

@inproceedings{schmidt_multichannel_1996,
	title = {Multichannel dynamic range compression for music signals},
	volume = {2},
	url = {http://ieeexplore.ieee.org/xpls/abs_all.jsp?arnumber=543295},
	urldate = {2016-04-13},
	booktitle = {Acoustics, {Speech}, and {Signal} {Processing}, 1996. {ICASSP}-96. {Conference} {Proceedings}., 1996 {IEEE} {International} {Conference} on},
	publisher = {IEEE},
	author = {Schmidt, Jon C. and Rutledge, Janet C.},
	year = {1996},
	pages = {1013--1016},
	file = {00543295.pdf:/home/patrik/Zotero/storage/D9WE8CBG/00543295.pdf:application/pdf}
}

@inproceedings{pan_fast_2012,
	title = {Fast edge-preserving envelope for dynamic range compression},
	url = {http://ieeexplore.ieee.org/xpls/abs_all.jsp?arnumber=6526291},
	urldate = {2016-04-13},
	booktitle = {Computer {Science} and {Network} {Technology} ({ICCSNT}), 2012 2nd {International} {Conference} on},
	publisher = {IEEE},
	author = {Pan, Shengdong and An, Xiangjing and He, Hangen},
	year = {2012},
	pages = {1902--1906},
	file = {06526291.pdf:/home/patrik/Zotero/storage/VFTA3NZF/06526291.pdf:application/pdf}
}

@inproceedings{tiwari_sliding-band_2014,
	title = {A sliding-band dynamic range compression for use in hearing aids},
	url = {http://ieeexplore.ieee.org/xpls/abs_all.jsp?arnumber=6811300},
	urldate = {2016-04-13},
	booktitle = {Communications ({NCC}), 2014 {Twentieth} {National} {Conference} on},
	publisher = {IEEE},
	author = {Tiwari, Niyati and Pandey, Prem Chandra},
	year = {2014},
	pages = {1--6},
	file = {06811300.pdf:/home/patrik/Zotero/storage/DAC7IB82/06811300.pdf:application/pdf}
}

@inproceedings{gorlow_restoring_2014-1,
	title = {Restoring the dynamics of clipped audio material by inversion of dynamic range compression},
	url = {http://ieeexplore.ieee.org/xpls/abs_all.jsp?arnumber=6873575},
	urldate = {2016-04-13},
	booktitle = {Broadband {Multimedia} {Systems} and {Broadcasting} ({BMSB}), 2014 {IEEE} {International} {Symposium} on},
	publisher = {IEEE},
	author = {Gorlow, Stanislaw and Reiss, Joshua D. and Duru, Elodie},
	year = {2014},
	pages = {1--5},
	file = {06873575.pdf:/home/patrik/Zotero/storage/ERCGWSJG/06873575.pdf:application/pdf}
}

@inproceedings{gorlow_peak--average_2015,
	title = {Peak-to-average power ratio reduction for {OFDM} based on dynamic range compression},
	url = {http://ieeexplore.ieee.org/xpls/abs_all.jsp?arnumber=7177197},
	urldate = {2016-04-13},
	booktitle = {Broadband {Multimedia} {Systems} and {Broadcasting} ({BMSB}), 2015 {IEEE} {International} {Symposium} on},
	publisher = {IEEE},
	author = {Gorlow, Stanislaw and Kollár, Zsolt},
	year = {2015},
	pages = {1--6},
	file = {07177197.pdf:/home/patrik/Zotero/storage/83ZUJA4W/07177197.pdf:application/pdf}
}

@article{giannoulis_digital_2012-2,
	title = {Digital dynamic range compressor design—a tutorial and analysis},
	volume = {60},
	url = {http://www.aes.org/e-lib/browse.cfm?elib=16354},
	number = {6},
	urldate = {2016-04-13},
	journal = {Journal of the Audio Engineering Society},
	author = {Giannoulis, Dimitrios and Massberg, Michael and Reiss, Joshua D.},
	year = {2012},
	pages = {399--408},
	file = {compressor deign-JAES2012.pdf:/home/patrik/Zotero/storage/VSKUNDCE/compressor deign-JAES2012.pdf:application/pdf}
}

@inproceedings{vickers_automatic_2001-2,
	title = {Automatic long-term loudness and dynamics matching},
	url = {http://www.aes.org/e-lib/browse.cfm?elib=9888},
	urldate = {2016-04-13},
	booktitle = {Audio {Engineering} {Society} {Convention} 111},
	publisher = {Audio Engineering Society},
	author = {Vickers, Earl},
	year = {2001},
	file = {LoudnessAndDynamicsMatching.pdf:/Users/macuserin/Documents/AUDIO SCIENTIFIC/LoudnessAndDynamicsMatching.pdf:application/pdf}
}

@misc{blesser_audio_nodate,
	title = {Audio  {Dynamic}  {Range}  {Compression}  {For}  {Minimum} {Perceived}  {Distortion}},
	url = {http://ezproxy.fhstp.ac.at:2052/ielx6/8337/26067/01162021.pdf?tp=&arnumber=1162021&isnumber=26067},
	urldate = {2016-04-13},
	author = {BLESSER, BARRY  A.},
	file = {01162021.pdf:/home/patrik/Zotero/storage/KVBDMEJP/01162021.pdf:application/pdf}
}

@inproceedings{cassidy_dynamic_2004,
	title = {Dynamic range compression of audio signals consistent with recent time-varying loudness models},
	volume = {4},
	url = {http://ieeexplore.ieee.org/xpls/abs_all.jsp?arnumber=1326801},
	urldate = {2016-04-13},
	booktitle = {Acoustics, {Speech}, and {Signal} {Processing}, 2004. {Proceedings}.({ICASSP}'04). {IEEE} {International} {Conference} on},
	publisher = {IEEE},
	author = {Cassidy, Ryan J.},
	year = {2004},
	pages = {iv--213},
	file = {01326801.pdf:/home/patrik/Zotero/storage/3ZPGDAEU/01326801.pdf:application/pdf}
}

@article{brinkmann_round_2019,
	title = {A round robin on room acoustical simulation and auralization},
	volume = {145},
	issn = {0001-4966},
	url = {http://asa.scitation.org/doi/10.1121/1.5096178},
	doi = {10.1121/1.5096178},
	language = {en},
	number = {4},
	urldate = {2020-02-07},
	journal = {The Journal of the Acoustical Society of America},
	author = {Brinkmann, Fabian and Aspöck, Lukas and Ackermann, David and Lepa, Steffen and Vorländer, Michael and Weinzierl, Stefan},
	month = apr,
	year = {2019},
	pages = {2746--2760},
	file = {Full Text:/home/patrik/Zotero/storage/P5W827ZK/Brinkmann et al. - 2019 - A round robin on room acoustical simulation and au.pdf:application/pdf}
}

@inproceedings{stoltzfus_performance_2017,
	title = {Performance portability for room acoustics simulations},
	language = {English},
	booktitle = {Proceedings of the 20th {International} {Conference} on {Digital} {Audio} {Effects}},
	publisher = {University of Edinburgh},
	author = {Stoltzfus, Larisa and Gray, Alan and Dubach, Christophe and Bilbao, Stefan},
	year = {2017},
	pages = {367--374}
}

@article{hart_sphere_1996,
	title = {Sphere tracing: a geometric method for the antialiased ray tracing of implicit surfaces},
	volume = {12},
	issn = {01782789},
	shorttitle = {Sphere tracing},
	url = {http://link.springer.com/10.1007/s003710050084},
	doi = {10.1007/s003710050084},
	abstract = {Sphere tracing is a new technique for rendering implicit surfaces using geometric distance. Distance-based models are common in computer-aided geometric design and in the modeling of articulated figures. Given a function returning the distance to an object, sphere tracing marches along the ray toward its first intersection in steps guaranteed not to penetrate the implicit surface.},
	language = {en},
	number = {10},
	urldate = {2020-02-08},
	journal = {The Visual Computer},
	author = {Hart, John C.},
	month = dec,
	year = {1996},
	pages = {527--545},
	file = {Hart - 1996 - Sphere tracing a geometric method for the antiali.pdf:/home/patrik/Zotero/storage/NPN2Z565/Hart - 1996 - Sphere tracing a geometric method for the antiali.pdf:application/pdf}
}

@inproceedings{keinert_enhanced_2014,
	title = {enhanced sphere tracing},
	url = {https://erleuchtet.org/~cupe/permanent/enhanced_sphere_tracing.pdf},
	urldate = {2020-02-08},
	author = {Keinert, Benjamin},
	year = {2014},
	file = {enhanced_sphere_tracing.pdf:/home/patrik/Zotero/storage/FEPZY7RP/enhanced_sphere_tracing.pdf:application/pdf}
}

@misc{patrik_lechner_hrtlacektdraymarchtoolkit_2020,
	title = {hrtlacek/{TDraymarchToolkit} v1.1},
	url = {https://doi.org/10.5281/zenodo.3659364},
	publisher = {Zenodo},
	author = {{patrik lechner}},
	month = feb,
	year = {2020},
	doi = {10.5281/zenodo.3659364}
}